@inproceedings{bagus22b,
title={Continual Learning beyond Supervision: a review},
author={Bagus, B and Gepperth, A and Lesort, T},
year = {2022},
booktitle={European Symposium on Artificial Neural Networks({ESANN})},
}

@article{Moens2019,
  title        = {Learning and forgetting using reinforced Bayesian change detection},
  author       = {Moens, Vincent and Z{\'e}non, Alexandre},
  year         = {2019},
  journal      = {PLoS computational biology},
  volume       = {15},
  number       = {4},
  pages        = {e1006713},
  publisher    = {Public Library of Science San Francisco, CA USA},
}

@article{Liu2021b,
  title        = {RMM: Reinforced memory management for class-incremental learning},
  author       = {Liu, Yaoyao and Schiele, Bernt and Sun, Qianru},
  year         = {2021},
  journal      = {Advances in Neural Information Processing Systems},
  volume       = {34},
  pages        = {3478--3490},
}

@article{Kirkpatrick2017,
  title        = {Overcoming catastrophic forgetting in neural networks},
  author       = {Kirkpatrick, James and Pascanu, Razvan and Rabinowitz, Neil and Veness, Joel and Desjardins, Guillaume and Rusu, Andrei A and Milan, Kieran and Quan, John and Ramalho, Tiago and Grabska-Barwinska, Agnieszka and others},
  year         = {2017},
  journal      = {Proceedings of the national academy of sciences},
  volume       = {114},
  number       = {13},
  pages        = {3521--3526},
  publisher    = {National Acad Sciences},
}

@article{Rusu2016,
  title        = {Progressive neural networks},
  author       = {Rusu, Andrei A and Rabinowitz, Neil C and Desjardins, Guillaume and Soyer, Hubert and Kirkpatrick, James and Kavukcuoglu, Koray and Pascanu, Razvan and Hadsell, Raia},
  year         = {2016},
  journal      = { arXiv:1606.04671},
}


@inproceedings{dz22,
author={Dzemidovich, N and Gepperth, A},
title={An empirical comparison of generators in replay-based continual learning},
year=2022,
booktitle={{ESANN}},
}


@inproceedings{pfuelb2021b, 
author={Pf\"ulb, B and Gepperth, A }, 
title={Overcoming Catastrophic Forgetting with Gaussian Mixture Replay}, 
year={2021}, 
booktitle={{IJCNN}},
}

@inproceedings{pfuelb2021a, 
author={Pf\"ulb, B and Bagus, B and Gepperth,A}, 
title={Continual Learning with Fully Probabilistic Models}, 
year={2021}, 
booktitle = {{CVPR} Workshop {CLVISION} Findings paper},
}


@inproceedings{li2019repair,
  title={Repair: Removing representation bias by dataset resampling},
  author={Li, Yi and Vasconcelos, Nuno},
  booktitle={{CVPR}},
  pages={9572--9581},
  year={2019}
}


@inproceedings{gat2020removing,
  title={Removing bias in multi-modal classifiers: Regularization by maximizing functional entropies},
  author={Gat, Itai and Schwartz, Idan and Schwing, Alexander and Hazan, Tamir},
  booktitle={NeurIPS},
  volume={33},
  pages={3197--3208},
  year={2020}
}



@inproceedings{kim2019learning,
  title={Learning not to learn: Training deep neural networks with biased data},
  author={Kim, Byungju and Kim, Hyunwoo and Kim, Kyungsu and Kim, Sungjin and Kim, Junmo},
  booktitle={{CVPR}},
  pages={9012--9020},
  year={2019}
}



inproceedings{lesort2018generative,
  title={Generative Models from the perspective of Continual Learning},
  AUTHOR={Lesort, Timothée and Caselles-Dupré, Hugo and Garcia-Ortiz, Michael and Goudou, Jean-Fran{\c c}ois and Filliat, David},
  URL={https://hal.archives-ouvertes.fr/hal-01951954},
  booktitle={IJCNN - International Joint Conference on Neural Networks},
  ADDRESS={Budapest, Hungary},
  year={2019},
  MONTH={Jul},
  PDF={https://hal.archives-ouvertes.fr/hal-01951954/file/_NIPS_CL_Workshop__Continual_learning_for_generative_models.pdf},
  HAL_ID={hal-01951954},
  keywords={"Generative Modeling", "Generative Replay"},
  HAL_VERSION={v1},
}


@inproceedings{turhan2018recent,
  title={Recent trends in deep generative models: a review},
  author={Turhan, Ceren G{\"u}zel and Bilge, Hasan Sakir},
  booktitle={Int. Conf. on Computer Science and Engineering},
  pages={574--579},
  year={2018},
  organization={IEEE}
}


kmeans
@article{pham2004incremental,
  title={An incremental K-means algorithm},
  author={Pham, Duc Truong and Dimov, Stefan Simeonov and Nguyen, CD},
  journal={Journal of Mechanical Engineering Science},
  volume={218},
  number={7},
  pages={783--795},
  year={2004},
  publisher={SAGE Publications Sage UK: London, England}
}

@inproceedings{aaron2014dynamic,
  title={Dynamic incremental k-means clustering},
  author={Aaron, Bryant and Tamir, Dan E and Rishe, Naphtali D and Kandel, Abraham},
  booktitle={Int. Conf. on Computational Science and Comp. Intelligence},
  volume={1},
  pages={308--313},
  year={2014},
  organization={IEEE}
}

@article{bagirov2011fast,
  title={Fast modified global k-means algorithm for incremental cluster construction},
  author={Bagirov, Adil M and Ugon, Julien and Webb, Dean},
  journal={Pattern recognition},
  volume={44},
  number={4},
  pages={866--876},
  year={2011},
  publisher={Elsevier}
}



outlier

@article{mundt2022unified,
  title={Unified probabilistic deep continual learning through generative replay and open set recognition},
  author={Mundt, Martin and Pliushch, Iuliia and Majumder, Sagnik and Hong, Yongwon and Ramesh, Visvanathan},
  journal={Journal of Imaging},
  volume={8},
  number={4},
  pages={93},
  year={2022},
  publisher={MDPI}
}



GMM

@inproceedings{vijayakumar2000locally,
  title={Locally weighted projection regression: An {O}(n) algorithm for incremental real time learning in high-dimensional spaces},
  author={Vijayakumar, Sethu and Schaal, Stefan},
  booktitle={{ICML}},
  volume={1},
  pages={288--293},
  year={2000},
}

@article{pinto2015fast,
  title={A fast incremental gaussian mixture model},
  author={Pinto, Rafael Coimbra and Engel, Paulo Martins},
  journal={PloS One},
  volume={10},
  number={10},
  pages={e0139931},
  year={2015},
  publisher={Public Library of Science San Francisco, CA USA}
}


@inproceedings{pokrajac2007incremental,
  title={Incremental local outlier detection for data streams},
  author={Pokrajac, Dragoljub and Lazarevic, Aleksandar and Latecki, Longin Jan},
  booktitle={Symp. on Comp. Intelligence and Data Mining},
  pages={504--515},
  year={2007},
  organization={IEEE}
}

@inproceedings{gepperth2020a, 
title={A Rigorous Link Between Self-Organizing Maps and Gaussian Mixture Models},
year={2020}, 
booktitle={{ICANN}}, 
author={Gepperth, A and Pf\"ulb, B}
}


@article{gepperth2019, 
title={Incremental learning with a homeostatic self-organizing neural architecture}, 
year={2019}, 
journal={Neural Computing and Applications}, 
author={Gepperth, A},
}


@inproceedings{kristan2008incremental,
  title={Incremental learning with Gaussian mixture models},
  author={Kristan, Matej and Skocaj, Danijel and Leonardis, Ale{\v{s}}},
  booktitle={Computer vision winter workshop},
  pages={25--32},
  year={2008},
  organization={Slovenian Pattern Rec. Soc.}
}


@article{egorov2021boovae,
  title={BooVAE: Boosting Approach for Continual Learning of VAE},
  author={Egorov, Evgenii and Kuzina, Anna and Burnaev, Evgeny},
  journal={Advances in Neural Information Processing Systems},
  volume={34},
  year={2021}
}

@InProceedings{van_de_Ven_2021_CVPR,
    author    = {van de Ven, Gido M. and Li, Zhe and Tolias, Andreas S.},
    title     = {Class-Incremental Learning With Generative Classifiers},
    booktitle = {Proceedings of the IEEE/CVF Conference on Computer Vision and Pattern Recognition (CVPR) Workshops},
    month     = {June},
    year      = {2021},
    pages     = {3611-3620}
}

@article{gancl1,
  doi = {10.48550/ARXIV.1705.08395},
  
  journal = {arXiv:1705.08395},
  author = {Seff, Ari and Beatson, Alex and Suo, Daniel and Liu, Han},
  
  keywords = {Machine Learning (cs.LG), Artificial Intelligence (cs.AI), Machine Learning (stat.ML), FOS: Computer and information sciences, FOS: Computer and information sciences},
  
  title = {Continual Learning in Generative Adversarial Nets},
  
  publisher = {arXiv},
  
  year = {2017},
  
  copyright = {arXiv.org perpetual, non-exclusive license}
}

@inproceedings{zhai2019lifelong,
  title={Lifelong {GAN}: Continual learning for conditional image generation},
  author={Zhai, Mengyao and Chen, Lei and Tung, Frederick and He, Jiawei and Nawhal, Megha and Mori, Greg},
  booktitle={{CVPR}},
  pages={2759--2768},
  year={2019}
}


@misc{https://doi.org/10.48550/arxiv.1705.08395,
  doi = {10.48550/ARXIV.1705.08395},
  
  url = {https://arxiv.org/abs/1705.08395},
  
  author = {Seff, Ari and Beatson, Alex and Suo, Daniel and Liu, Han},
  
  keywords = {Machine Learning (cs.LG), Artificial Intelligence (cs.AI), Machine Learning (stat.ML), FOS: Computer and information sciences, FOS: Computer and information sciences},
  
  title = {Continual Learning in Generative Adversarial Nets},
  
  publisher = {arXiv},
  
  year = {2017},
  
  copyright = {arXiv.org perpetual, non-exclusive license}
}

@INPROCEEDINGS{8851986,

  author={Lesort, Timothée and Caselles-Dupré, Hugo and Garcia-Ortiz, Michael and Stoian, Andrei and Filliat, David},

  booktitle={2019 International Joint Conference on Neural Networks (IJCNN)}, 

  title={Generative Models from the perspective of Continual Learning}, 

  year={2019},

  volume={},

  number={},

  pages={1-8},

  doi={10.1109/IJCNN.2019.8851986}}

@INPROCEEDINGS{8851986, author={Lesort, Timothée and Caselles-Dupré, Hugo and Garcia-Ortiz, Michael and Stoian, Andrei and Filliat, David}, booktitle={2019 International Joint Conference on Neural Networks (IJCNN)}, title={Generative Models from the perspective of Continual Learning}, year={2019}, volume={}, number={}, pages={1-8}, doi={10.1109/IJCNN.2019.8851986}} 



@InProceedings{Zhai_2019_ICCV,
author = {Zhai, Mengyao and Chen, Lei and Tung, Frederick and He, Jiawei and Nawhal, Megha and Mori, Greg},
title = {Lifelong GAN: Continual Learning for Conditional Image Generation},
booktitle = {Proceedings of the IEEE/CVF International Conference on Computer Vision (ICCV)},
month = {October},
year = {2019}
} 




@INPROCEEDINGS{8682702,
  author={Wiewel, Felix and Yang, Bin},
  booktitle={Int. Conf. on Acoustics, Speech and Signal Processing}, 
  title={Continual Learning for Anomaly Detection with Variational Autoencoder}, 
  year={2019},
  pages={3837-3841},
  doi={10.1109/ICASSP.2019.8682702}}

@INPROCEEDINGS{9190980,
  author={Campo, Damian and Slavic, Giulia and Baydoun, Mohamad and Marcenaro, Lucio and Regazzoni, Carlo},
  booktitle={Int. Conf. on Image Processing (ICIP)}, 
  title={Continual Learning of Predictive Models In Video Sequences Via Variational Autoencoders}, 
  year={2020},
  pages={753-757},
  doi={10.1109/ICIP40778.2020.9190980}
  }
  
  


@article{maltoni2019continuous,
  title={Continuous learning in single-incremental-task scenarios},
  author={Maltoni, Davide and Lomonaco, Vincenzo},
  journal={Neural Networks},
  volume={116},
  pages={56--73},
  year={2019},
  publisher={Elsevier}
}


@phdthesis{pfuelb22diss,
author={Pf\"ulb, Benedikt}, 
year={2022},
title={Continual Learning with Deep Learning Methods in an Application-Oriented Context},
institution={University of Applied Sciences Fulda, Germany},
school={University of Applied Sciences Fulda, Germany},
}

------------------------------------

@article{kiran2021deep,
  title={Deep reinforcement learning for autonomous driving: A survey},
  author={Kiran, B Ravi and Sobh, Ibrahim and Talpaert, Victor and Mannion, Patrick and Al Sallab, Ahmad A and Yogamani, Senthil and P{\'e}rez, Patrick},
  journal={IEEE Transactions on Intelligent Transportation Systems},
  year={2021},
  publisher={IEEE}
}

@inproceedings{Todorov2012mojoco,
  added-at = {2018-11-14T00:00:00.000+0100},
  author = {Todorov, Emanuel and Erez, Tom and Tassa, Yuval},
  biburl = {https://www.bibsonomy.org/bibtex/22218cb5d1a40b6e6c2b6077fdff08fbf/dblp},
  booktitle = {IROS},
  ee = {https://www.wikidata.org/entity/Q56812558},
  interhash = {869ab290a52bafc47114756b66df3c25},
  intrahash = {2218cb5d1a40b6e6c2b6077fdff08fbf},
  isbn = {978-1-4673-1737-5},
  keywords = {dblp},
  pages = {5026-5033},
  timestamp = {2019-10-17T14:19:43.000+0200},
  title = {MuJoCo: A physics engine for model-based control.},
  url = {http://dblp.uni-trier.de/db/conf/iros/iros2012.html#TodorovET12},
  year = 2012
}

@inproceedings{yu2019meta,
  title={Meta-World: A Benchmark and Evaluation for Multi-Task and Meta Reinforcement Learning},
  author={Tianhe Yu and Deirdre Quillen and Zhanpeng He and Ryan Julian and Karol Hausman and Chelsea Finn and Sergey Levine},
  booktitle={Conference on Robot Learning (CoRL)},
  year={2019},
  eprint={1910.10897},
  archivePrefix={arXiv},
  primaryClass={cs.LG}
}

@misc{Caccia2022Task,
  doi = {10.48550/ARXIV.2205.14495},
  url = {https://arxiv.org/abs/2205.14495},
  author = {Caccia, Massimo and Mueller, Jonas and Kim, Taesup and Charlin, Laurent and Fakoor, Rasool},
  keywords = {Machine Learning (cs.LG), FOS: Computer and information sciences, FOS: Computer and information sciences},
  title = {Task-Agnostic Continual Reinforcement Learning: In Praise of a Simple Baseline},
  publisher = {arXiv},
  year = {2022},
  copyright = {arXiv.org perpetual, non-exclusive license}
}

@article{mnih2013atari,
  abstract = {We present the first deep learning model to successfully learn control
policies directly from high-dimensional sensory input using reinforcement
learning. The model is a convolutional neural network, trained with a variant
of Q-learning, whose input is raw pixels and whose output is a value function
estimating future rewards. We apply our method to seven Atari 2600 games from
the Arcade Learning Environment, with no adjustment of the architecture or
learning algorithm. We find that it outperforms all previous approaches on six
of the games and surpasses a human expert on three of them.},
  added-at = {2019-07-12T20:11:01.000+0200},
  author = {Mnih, Volodymyr and Kavukcuoglu, Koray and Silver, David and Graves, Alex and Antonoglou, Ioannis and Wierstra, Daan and Riedmiller, Martin},
  biburl = {httsps://www.bibsonomy.org/bibtex/2a00ec4c09f5dc9b3f8a1836f4e02bb5d/lanteunis},
  interhash = {78966703f649bae69a08a6a23a4e8879},
  intrahash = {a00ec4c09f5dc9b3f8a1836f4e02bb5d},
  keywords = {},
  timestamp = {2019-07-12T20:11:01.000+0200},
  title = {Playing {A}tari with Deep Reinforcement Learning},
  journal = {arXiv:1312.5602},
  year = 2013
}

@inproceedings{brys2015reinforcement,
  title={Reinforcement learning from demonstration through shaping},
  author={Brys, Tim and Harutyunyan, Anna and Suay, Halit Bener and Chernova, Sonia and Taylor, Matthew E and Now{\'e}, Ann},
  booktitle={Twenty-fourth international joint conference on artificial intelligence},
  year={2015}
}

@inproceedings{filos2021psiphi,
  title={PsiPhi-Learning: Reinforcement Learning with Demonstrations using Successor Features and Inverse Temporal Difference Learning},
  author={Filos, Angelos and Lyle, Clare and Gal, Yarin and Levine, Sergey and Jaques, Natasha and Farquhar, Gregory},
  booktitle={International Conference on Machine Learning},
  pages={3305--3317},
  year={2021},
  organization={PMLR}
}

@inproceedings{pfuelb2019,
  title={A comprehensive, application-oriented study of catastrophic forgetting in DNNs},
  year={2019},
  booktitle={{ICLR}},
  author={Pf\"ulb, B and Gepperth, A},
}


@article{denoyer2021salina,
  title={SaLinA: Sequential Learning of Agents},
  author={Denoyer, Ludovic and de la Fuente, Alfredo and Duong, Song and Gaya, Jean-Baptiste and Kamienny, Pierre-Alexandre and Thompson, Daniel H},
  journal={arXiv:2110.07910},
  year={2021}
}

@book{vapnik1999nature,
  title={The nature of statistical learning theory},
  author={Vapnik, Vladimir},
  year={1999},
  publisher={Springer}
}




@inproceedings{lopez2017gradient,
  title={Gradient episodic memory for continual learning},
  author={Lopez-Paz, David and Ranzato, Marc'Aurelio},
  booktitle={NeurIPS},
  year={2017}
}


