@article{hadsell2020embracing,
author = {Hadsell, Raia and Rao, Dushyant and Rusu, Andrei and Pascanu, Razvan},
year = {2020},
month = {12},
pages = {1028-1040},
title = {Embracing Change: Continual Learning in Deep Neural Networks},
volume = {24},
journal = {Trends in Cognitive Sciences},
doi = {10.1016/j.tics.2020.09.004},
keywords={Survey}
}

@inproceedings{
    mendez2022modular,
    title={Modular Lifelong Reinforcement Learning via Neural Composition},
    author={Jorge A Mendez and Harm van Seijen and Eric Eaton},
    booktitle={{ICLR}},
    year={2022},
    url={https://openreview.net/forum?id=5XmLzdslFNN},
    keywords={CRL, modular}
}

@article{berseth2021comps,
      title={CoMPS: Continual Meta Policy Search}, 
      author={Glen Berseth and Zhiwei Zhang and Grace Zhang and Chelsea Finn and Sergey Levine},
      year={2021},
      eprint={2112.04467},
      archivePrefix={arXiv},
      primaryClass={cs.LG},
      url={https://arxiv.org/abs/2112.04467},
      keywords={CRL, TACRL}
}

@article{mendez2020lifelong,
      title={Lifelong Policy Gradient Learning of Factored Policies for Faster Training Without Forgetting}, 
      author={Jorge A. Mendez and Boyu Wang and Eric Eaton},
      year={2020},
      eprint={2007.07011},
      archivePrefix={arXiv},
      journal={NeurIPS 2020},
      primaryClass={cs.LG},
      url={https://arxiv.org/abs/2007.07011},
      keywords={CRL}
}

@inproceedings{pierre2018incremental,
  author={Pierre, John M.},
  booktitle={2018 21st International Conference on Intelligent Transportation Systems (ITSC)}, 
  title={Incremental Lifelong Deep Learning for Autonomous Vehicles}, 
  year={2018},
  volume={},
  number={},
  pages={3949-3954},
  doi={10.1109/ITSC.2018.8569992},
  keywords={Applications},
  url={https://ieeexplore.ieee.org/document/8569992},
}


@article{kirichenko2021taskagnostic,
      title={Task-agnostic Continual Learning with Hybrid Probabilistic Models}, 
      author={Polina Kirichenko and Mehrdad Farajtabar and Dushyant Rao and Balaji Lakshminarayanan and Nir Levine and Ang Li and Huiyi Hu and Andrew Gordon Wilson and Razvan Pascanu},
      year={2021},
      eprint={2106.12772},
      archivePrefix={arXiv},
      primaryClass={cs.LG},
      url={https://arxiv.org/abs/2106.12772},
      keywords={TACL}
}

@article{javed2020learning,
  title={Learning causal models online},
  author={Javed, Khurram and White, Martha and Bengio, Yoshua},
  journal={  arXiv:2006.07461},
  year={2020},
  url={https://arxiv.org/abs/2006.07461},
  keywords={Misc}
}


@article{von2021learning,
  title={Learning where to learn: Gradient sparsity in meta and continual learning},
  author={Von Oswald, Johannes and Zhao, Dominic and Kobayashi, Seijin and Schug, Simon and Caccia, Massimo and Zucchet, Nicolas and Sacramento, Jo{\~a}o},
  journal={Advances in Neural Information Processing Systems},
  volume={34},
  year={2021},
  url={https://proceedings.neurips.cc/paper/2021/hash/2a10665525774fa2501c2c8c4985ce61-Abstract.html},
  keywords={Meta-Continual Learning, Continual-Meta Learning, TACL}
}

@inproceedings{buzzega2021rethinking,
  author={Buzzega, Pietro and Boschini, Matteo and Porrello, Angelo and Calderara, Simone},
  booktitle={2020 25th International Conference on Pattern Recognition (ICPR)}, 
  title={Rethinking Experience Replay: a Bag of Tricks for Continual Learning}, 
  year={2021},
  volume={},
  number={},
  pages={2180-2187},
  doi={10.1109/ICPR48806.2021.9412614},
  url={https://ieeexplore.ieee.org/abstract/document/9412614},
  keywords={Rehearsal, Empirical Study}
}

@incollection{buzzega2020dark,
 author = {Buzzega, Pietro and Boschini, Matteo and Porrello, Angelo and Abati, Davide and Calderara, Simone},
 booktitle = {Advances in Neural Information Processing Systems 33},
 editor = {H. Larochelle and M. Ranzato and R. Hadsell and M. F. Balcan and H. Lin},
 pages = {15920--15930},
 publisher = {Curran Associates, Inc.},
 title = {Dark Experience for General Continual Learning: a Strong, Simple Baseline},
 year = {2020},
url={https://papers.nips.cc/paper/2020/file/b704ea2c39778f07c617f6b7ce480e9e-Paper.pdf},
    keywords={Rehearsal, Distillation}
}

@inproceedings{prabhu2020gdumb,
  title={GDumb: A simple approach that questions our progress in continual learning},
  author={Prabhu, Ameya and Torr, Philip HS and Dokania, Puneet K},
  booktitle={{ECCV}},
  pages={524--540},
  year={2020},
  keywords={Empirical Study, Rehearsal}
}
@String(prabhu2020gdumb="introduces a super simple methods that outperforms almost all methods in all of the CL benchmarks. We need new better benchamrks")

@article{khetarpal2020continual,
      title={Towards Continual Reinforcement Learning: A Review and Perspectives},
      author={Khimya Khetarpal and Matthew Riemer and Irina Rish and Doina Precup},
      year={2020},
      eprint={2012.13490},
      archivePrefix={arXiv},
      keywords={Survey, Reinforcement},
      primaryClass={cs.LG}
}
@String(khetarpal2020continual="A review on continual reinforcement learning")


@inproceedings{ostapenko2019learning,
  title={Learning to remember: A synaptic plasticity driven framework for continual learning},
  author={Ostapenko, Oleksiy and Puscas, Mihai and Klein, Tassilo and Jahnichen, Patrick and Nabi, Moin},
  booktitle={{CVPR}},
  pages={11321--11329},
  year={2019},
  url={https://openaccess.thecvf.com/content_CVPR_2019/html/Ostapenko_Learning_to_Remember_A_Synaptic_Plasticity_Driven_Framework_for_Continual_CVPR_2019_paper.html},
  keywords={Generative Replay}
}
@String(ostapenko2019learning="introdudes Dynamic generative memory (DGM) which relies on conditional generative adversarial networks with learnable connection plasticity realized with neural masking")

@inproceedings{Gupta2020LaMAMLLM,
  title={La-MAML: Look-ahead Meta Learning for Continual Learning},
  author={Gunshi Gupta and Karmesh Yadav and Liam Paull},
  url={https://arxiv.org/abs/2007.13904},
  year={2020},
  keywords={"Meta-Continual Learning"}
}
@String(Gupta2020LaMAMLLM="Proposes an online replay-based meta-continual learning algorithm with learning-rate modulation to mitigate catastrophic forgetting")

@article{Ren2020WanderingWA,
  title={Wandering Within a World: Online Contextualized Few-Shot Learning},
  author={Mengye Ren and Michael L. Iuzzolino and Michael C. Mozer and Richard S. Zemel},
  journal={ArXiv},
  year={2020},
  volume={abs/2007.04546},
  url={https://arxiv.org/abs/2007.04546},
  keywords={Continual Few-Shot Learning, Setting}
}
@String(Ren2020WanderingWA="proposes a new continual few-shot setting where spacial and temporal context can be leveraged to and unseen classes need to be predicted")


@article{lesort2020continual,
    title={Continual Learning: Tackling Catastrophic Forgetting in Deep Neural Networks with Replay Processes},
    author={Timoth√©e Lesort},
    year={2020},
    eprint={2007.00487},
    archivePrefix={arXiv},
    primaryClass={cs.LG},
    url={https://arxiv.org/abs/2007.00487},
    keywords={Thesis, Rehearsal, Generative Replay},
}

@article{clicml2020,
  title={Workshop on Continual Learning at ICML 2020},
  author={Rahaf Aljundi and Haytham Fayek and Eugene Belilovsky and David Lopez-Paz and Arslan Chaudhry and Marc Pickett and Puneet Dokania and Jonathan Schwarz and Sayna Ebrahimi},
  journal={ICML},
  year={2020},
  url={https://sites.google.com/view/cl-icml/organizers?authuser=0},
  keywords={Workshops},
}


@article{lifelongml2020,
  title={4th Lifelong Machine Learning Workshop at ICML 2020},
  author={Shagun Sodhani and Sarath Chandar and Balaraman Ravindran and Doina Precup},
  journal={ICML},
  year={2020},
  url={https://openreview.net/group?id=ICML.cc/2020/Workshop/LifelongML#accept},
  keywords={Workshops},
}

@article{antoniou2020defining,
  title={Defining Benchmarks for Continual Few-Shot Learning},
  author={Antoniou, Antreas and Patacchiola, Massimiliano and Ochal, Mateusz and Storkey, Amos},
  journal={  arXiv:2004.11967},
  year={2020},
  url={https://arxiv.org/abs/2004.11967},
  keywords={Continual Few-Shot Learning, Setting},
}
@String(antoniou2020defining="(title is a good enough summary)")

@article{ahmad2017unsupervised,
  title={Unsupervised real-time anomaly detection for streaming data},
  author={Ahmad, Subutai and Lavin, Alexander and Purdy, Scott and Agha, Zuha},
  journal={Neurocomputing},
  volume={262},
  pages={134--147},
  year={2017},
  publisher={Elsevier},
  url={https://www.sciencedirect.com/science/article/pii/S0925231217309864},
  keywords={Applications}
}
@String(ahmad2017unsupervised="HTM applied to real-world anomaly detection problem")

@article{cui2016continuous,
  title={Continuous online sequence learning with an unsupervised neural network model},
  author={Cui, Yuwei and Ahmad, Subutai and Hawkins, Jeff},
  journal={Neural computation},
  volume={28},
  number={11},
  pages={2474--2504},
  year={2016},
  publisher={MIT Press},
  url={https://arxiv.org/abs/1512.05463},
  keywords={Applications}
}
@String(cui2016continuous="HTM applied to a prediction problem of taxi passenger demand")

@article{kiyasseh2020clops,
  title={CLOPS: Continual Learning of Physiological Signals},
  author={Kiyasseh, Dani and Zhu, Tingting and Clifton, David A},
  journal={  arXiv:2004.09578},
  year={2020},
  url={https://arxiv.org/abs/2004.09578},
  keywords={Applications}
}
@String(kiyasseh2020clops="a healthcare-specific replay-based method to mitigate destructive interference during continual learning")


@article{vanbrain,
  title={Brain-Like Replay For Continual Learning With Artificial Neural Networks},
  author={van de Ven, Gido M and Siegelmann, Hava T and Tolias, Andreas S},
  year={2020},
  url={https://baicsworkshop.github.io/pdf/BAICS_8.pdf},
  keywords={Generative Replay},
}

@incollection{Thrun95,
  title={Lifelong robot learning},
  author={Thrun, Sebastian and Mitchell, Tom M},
  booktitle={The biology and technology of intelligent autonomous agents},
  pages={165--196},
  year={1995},
  publisher={Springer},
  keywords={Classics, Robotics},
  url={http://citeseerx.ist.psu.edu/viewdoc/download?doi=10.1.1.71.3723&rep=rep1&type=pdf}
}
@String(Thrun95="Argues knowledge transfer is essential if robots are to learn control with moderate learning times")

@article{Farquhar18,
  title={Towards Robust Evaluations of Continual Learning},
  author={Farquhar, Sebastian and Gal, Yarin},
  journal={  arXiv:1805.09733},
  year={2018},
  keywords={Influentials, Empirical Study},
  url={https://arxiv.org/abs/1805.09733},
}
@String(Farquhar18="Proposes desideratas and reexamines the evaluation protocol")

@inproceedings{Chaudhry19,
  title={Efficient Lifelong Learning with {A-GEM}},
  author={Chaudhry, Arslan and Ranzato, Marc‚ÄôAurelio and Rohrbach, Marcus and Elhoseiny, Mohamed},
  booktitle={{ICLR}},
  year={2019},
    keywords={Rehearsal, Influential}
}
@String(Chaudhry19="More efficient GEM; Introduces online continual learning")

@article{kirkpatrick2017overcoming,
  title={Overcoming catastrophic forgetting in neural networks},
  author={Kirkpatrick, James and Pascanu, Razvan and Rabinowitz, Neil and Veness, Joel and Desjardins, Guillaume and Rusu, Andrei A and Milan, Kieran and Quan, John and Ramalho, Tiago and Grabska-Barwinska, Agnieszka and others},
  journal={Proc. of the national academy of sciences},
  year={2017},
  publisher={National Acad Sciences},
    keywords={Regularization, Influential, General},
    url={https://www.pnas.org/content/pnas/114/13/3521.full.pdf},
}
@String(Kirkpatrick17="Introduces prior-focused methods (Elastic Weight Consolidation)")


@inproceedings{lopezpaz2017gem,
title={Gradient Episodic Memory for Continual Learning},
author={Lopez-Paz, David and Ranzato, Marc-Aurelio},
booktitle={NeurIPS},
year={2017},
    keywords={Rehearsal, Influential}
}
@String(lopezpaz2017gem="A model that alleviates CF via constrained optimization")


@inproceedings{shin2017continual,
  title={Continual learning with deep generative replay},
  author={Shin, Hanul and Lee, Jung Kwon and Kim, Jaehong and Kim, Jiwon},
  booktitle={NeurIPS},
  pages={2990--2999},
  year={2017},
    keywords={Generative Replay, Influential},
    url={https://arxiv.org/abs/1705.08690},
}
@String(shin2017continual="Introduces generative replay")

@ARTICLE{Goodfellow13,
   author={Goodfellow, I.~J. and Mirza, M. and Xiao, D. and Courville, A. and Bengio, Y.},
    title="An Empirical Investigation of Catastrophic Forgetting in Gradient-Based Neural Networks",
  journal={ArXiv e-prints},
archivePrefix="arXiv",
   eprint={1312.6211},
 primaryClass="stat.ML",
 keywords={Statistics - Machine Learning, Computer Science - Learning, Computer Science - Neural and Evolutionary Computing, Empirical Study, Influential},
     year={2013},
    month={dec},
   adsurl={http://adsabs.harvard.edu/abs/2013arXiv1312.6211G},
  adsnote={Provided by the SAO/NASA Astrophysics Data System},
  url={https://arxiv.org/abs/1312.6211},
}
@String(Goodfellow13="Investigates CF in neural networks")

@article{deLange2019continual,
    title={Continual learning: A comparative study on how to defy forgetting in classification tasks},
    author={Matthias De Lange and Rahaf Aljundi and Marc Masana and Sarah Parisot and Xu Jia and Ales Leonardis and Gregory Slabaugh and Tinne Tuytelaars},
    year={2019},
    keywords="Empirical Study",
    journal={arXiv:1909.08383},
}
@String(deLange2019continual="Extensive empirical study of CL methods (in the multi-head setting)")

@article{Parisi18review,
title="Continual lifelong learning with neural networks: A review",
journal="Neural Networks",
volume="113",
pages="54 - 71",
year="2019",
issn="0893-6080",
doi="https://doi.org/10.1016/j.neunet.2019.01.012",
url="http://www.sciencedirect.com/science/article/pii/S0893608019300231",
author="German I. Parisi and Ronald Kemker and Jose L. Part and Christopher Kanan and Stefan Wermter",
keywords="Continual learning, Lifelong learning, Catastrophic forgetting, Developmental systems, Memory consolidation, Survey"
}
@String(Parisi18review="An extensive review of CL")

@inproceedings{hung2019compacting,
  title={Compacting, Picking and Growing for Unforgetting Continual Learning},
  author={Hung, Ching-Yi and Tu, Cheng-Hao and Wu, Cheng-En and Chen, Chien-Hung and Chan, Yi-Ming and Chen, Chu-Song},
  booktitle={Advances in Neural Information Processing Systems},
  pages={13647--13657},
  year={2019},
    keywords={Hybrid},
    url={https://arxiv.org/abs/1910.06562}
}
@String(hung2019compacting="Approach leverages the principles of deep model compression, critical weights selection, and progressive networks expansion. All enforced in an iterative manner")

@article{Swaroop2019ImprovingAU,
  title={Improving and Understanding Variational Continual Learning},
  author={Siddharth Swaroop and Cuong V. Nguyen and Thang D. Bui and Richard E. Turner},
  journal={ArXiv},
  year={2019},
  volume={abs/1905.02099},
    keywords={Regularization},
    url="https://arxiv.org/abs/1905.02099"
})
@String(Swaroop2019ImprovingAU="Improved results and interpretation of VCL.")


@inproceedings{Ebrahimi2020Uncertainty-guided,
title={Uncertainty-guided Continual Learning with Bayesian Neural Networks},
author={Sayna Ebrahimi and Mohamed Elhoseiny and Trevor Darrell and Marcus Rohrbach},
booktitle={International Conference on Learning Representations},
year={2020},
url={https://openreview.net/forum?id=HklUCCVKDB},
keywords={TACL}
}
@String(Ebrahimi2020Uncertainty-guided="Uses Bayes by Backprop for variational Continual Learning.")

@incollection{NIPS2019_8690,
title={Uncertainty-based Continual Learning with Adaptive Regularization},
author={Ahn, Hongjoon and Cha, Sungmin and Lee, Donggyu and Moon, Taesup},
booktitle={Advances in Neural Information Processing Systems 32},
editor={H. Wallach and H. Larochelle and A. Beygelzimer and F. d\textquotesingle Alch\'{e}-Buc and E. Fox and R. Garnett},
pages={4394--4404},
year={2019},
publisher={Curran Associates, Inc.},
url={http://papers.nips.cc/paper/8690-uncertainty-based-continual-learning-with-adaptive-regularization.pdf},
    keywords={Regularization}
}
@String(NIPS2019_8690="Introduces VCL with uncertainty measured for neurons instead of weights.")

@article{zeno2018task,
    title={Task Agnostic Continual Learning Using Online Variational Bayes},
    author={Chen Zeno and Itay Golan and Elad Hoffer and Daniel Soudry},
    year={2018},
    keywords={Regularization, TACL},
    journal={arXiv:1803.10123}
}
@String(zeno2018task="Introduces an optimizer for CL that relies on closed form updates of mu and sigma of BNN; introduce label trick for class learning (single-head) but warning: it isn't really task-agnostic")

@article{DBLP:journals/corr/abs-1902-09432,
  author   ={Jaehong Yoon and
               Saehoon Kim and
               Eunho Yang and
               Sung Ju Hwang},
  title    ={ORACLE: Order Robust Adaptive Continual Learning},
  journal  ={CoRR},
  volume   ={abs/1902.09432},
  year     ={2019},
  url      ={http://arxiv.org/abs/1902.09432},
  archivePrefix={arXiv},
  eprint   ={1902.09432},
  timestamp={Tue, 21 May 2019 18:03:36 +0200},
  biburl   ={https://dblp.org/rec/journals/corr/abs-1902-09432.bib},
  bibsource={dblp computer science bibliography, https://dblp.org},
    keywords={Dynamic Architecture}
}

@article{Rajasegaran2019Random,
  title={Random path selection for incremental learning},
  author={Rajasegaran, Jathushan and Hayat, Munawar and Khan, Salman and Khan, Fahad Shahbaz and Shao, Ling},
  journal={Advances in Neural Information Processing Systems},
  year={2019}
}
@String(Rajasegaran2019Random="Proposes a random path selection algorithm, called RPSnet, that progressively chooses optimal paths for the new tasks while encouraging parameter sharing and reuse")




@inproceedings{He18,
title={Overcoming Catastrophic Interference using Conceptor-Aided Backpropagation},
author={Xu He and Herbert Jaeger},
booktitle={International Conference on Learning Representations},
year={2018},
url={https://openreview.net/forum?id=B1al7jg0b},
    keywords={Regularization}
}
@String(He18="Conceptor-Aided Backprop (CAB): gradients are shielded by conceptors against degradation of previously learned tasks")

@inproceedings{Pentina15,
  title={Lifelong learning with non-iid tasks},
  author={Pentina, Anastasia and Lampert, Christoph H},
  booktitle={Advances in Neural Information Processing Systems},
  pages={1540--1548},
  year={2015},
    keywords={}
}


@inproceedings{serra2018overcoming,
  title=   {Overcoming Catastrophic Forgetting with Hard Attention to the Task},
  author=  {Serra, Joan and Suris, Didac and Miron, Marius and Karatzoglou, Alexandros},
  booktitle=   {{ICML}},
  pages=   {4548--4557},
  year=  {2018},
  volume=  {80},
  pdf=   {http://proceedings.mlr.press/v80/serra18a/serra18a.pdf},
  url=   {http://proceedings.mlr.press/v80/serra18a.html},
    keywords={Regularization}
}
@String(serra2018overcoming="Introducing a hard attention idea with binary masks")

@inproceedings{chaudhry2018riemannian,
  title={Riemannian Walk for Incremental Learning: Understanding Forgetting and Intransigence},
  author={Chaudhry, Arslan and Dokania, Puneet K and Ajanthan, Thalaiyasingam and Torr, Philip HS},
  booktitle={ECCV},
  year={2018},
    keywords={Regularization},
    url={https://arxiv.org/abs/1801.10112}
}
@String(chaudhry2018riemannian="Formalizes the shortcomings of multi-head evaluation, as well as the importance of replay in single-head setup. Presenting an improved version of EWC.")




@article{Aljundi17,
  author   ={Rahaf Aljundi and Francesca Babiloni and Mohamed Elhoseiny and Marcus Rohrbach and Tinne Tuytelaars},
  title    ={Memory Aware Synapses: Learning what (not) to forget},
  journal  ={CoRR},
  volume   ={abs/1711.09601},
  year     ={2017},
  url      ={http://arxiv.org/abs/1711.09601},
  archivePrefix={arXiv},
  eprint   ={1711.09601},
  timestamp={Mon, 13 Aug 2018 16:47:14 +0200},
  biburl   ={https://dblp.org/rec/bib/journals/corr/abs-1711-09601},
  bibsource={dblp computer science bibliography, https://dblp.org},
    keywords={Regularization}
}
@String(Aljundi17="Importance of parameter measured based on their contribution to change in the learned prediction function")



@inproceedings{nguyen2017variational,
    title={Variational Continual Learning},
    author={Cuong V. Nguyen and Yingzhen Li and Thang D. Bui and Richard E. Turner},
    booktitle={International Conference on Learning Representations},
    year={2018},
    keywords={Regularization},
    url={https://arxiv.org/abs/1710.10628}
}
@String(Nguyen17="Introduces the idea of using previous task's posterior as the new task's prior in a BNN.")


@inproceedings{schwarz2018progress,
  title={Progress \& compress: A scalable framework for continual learning},
  author={Schwarz, Jonathan and Luketina, Jelena and Czarnecki, Wojciech M and Grabska-Barwinska, Agnieszka and Teh, Yee Whye and Pascanu, Razvan and Hadsell, Raia},
  booktitle={ICML},
  year={2018},
    keywords={Regularization},
    url={https://arxiv.org/abs/1805.06370}
}
@String(schwarz2018progress="A new P\&C architecture; online EWC for keeping the knowledge about the previous task, knowledge for keeping the knowledge about the current task (Multi-head setting, RL)")

@InProceedings{Zenke17,
  title=   {Continual Learning Through Synaptic Intelligence},
  author=  {Zenke, Friedeman and Poole, Ben and Ganguli, Surya },
  booktitle=   {Proceedings of the 34th International Conference on Machine Learning},
  pages=   {3987--3995},
  year=  {2017},
  editor=  {Doina Precup and Yee Whye Teh},
  volume=  {70},
  series=  {Proceedings of Machine Learning Research},
  address=   {International Convention Centre, Sydney, Australia},
  month=   {06--11 Aug},
  publisher=   {PMLR},
  pdf=   {http://proceedings.mlr.press/v70/zenke17a/zenke17a.pdf},
  url=   {http://proceedings.mlr.press/v70/zenke17a.html},
    keywords={Regularization}
}
@String(Zenke17="Synaptic Intelligence (SI). Importance of parameter measured based on their contribution to change in the loss. ")

@article{Li17learning,
  title={Learning without forgetting},
  author={Li, Zhizhong and Hoiem, Derek},
  journal={IEEE Transactions on Pattern Analysis and Machine Intelligence},
  year={2017},
  publisher={IEEE},
    keywords={Distillation},
    url={https://arxiv.org/abs/1606.09282}
}
@String(Li17learning="Functional regularization through distillation (keeping the output of the updated network on the new data close to the output of the old network on the new data)")


@article{li2019continual,
    title={Continual Learning Using Bayesian Neural Networks},
    author={HongLin Li and Payam Barnaghi and Shirin Enshaeifar and Frieder Ganz},
    year={2019},
    eprint={1910.04112},
    archivePrefix={arXiv},
    primaryClass={cs.LG},
    keywords={}
}

@article{
rosenfeld2018incremental,
title={Incremental Learning through Deep Adaptation},
author={Amir Rosenfeld and John K. Tsotsos},
year={2018},
url={https://openreview.net/forum?id=ryj0790hb},
    keywords={Dynamic Architecture}
}

@ARTICLE{Rusu16progressive,
   author={Rusu, A.~A. and Rabinowitz, N.~C. and Desjardins, G. and
  Soyer, H. and Kirkpatrick, J. and Kavukcuoglu, K. and
  Pascanu, R. and Hadsell, R.},
    title={Progressive Neural Networks},
 keywords={Computer Science - Learning, Dynamic Architecture},
     year=2016,
   adsurl={http://adsabs.harvard.edu/abs/2016arXiv160604671R},
  adsnote={Provided by the SAO/NASA Astrophysics Data System},
   journal={arXiv:1606.04671}
}
@String(Rusu16progressive="Each task have a specific model connected to the previous ones")


@article{Rusu16sim2real,
  author    = {Andrei A. Rusu and
               Matej Vecerik and
               Thomas Roth{\"{o}}rl and
               Nicolas Heess and
               Razvan Pascanu and
               Raia Hadsell},
  title     = {Sim-to-Real Robot Learning from Pixels with Progressive Nets},
  journal   = {CoRR},
  volume    = {abs/1610.04286},
  year      = {2016},
  url       = {http://arxiv.org/abs/1610.04286},
  archivePrefix = {arXiv},
  eprint    = {1610.04286},
  timestamp = {Mon, 13 Aug 2018 16:48:16 +0200},
  biburl    = {https://dblp.org/rec/bib/journals/corr/RusuVRHPH16},
  bibsource = {dblp computer science bibliography, https://dblp.org}
}


@inproceedings{farajtabar2019orthogonal,
  title={Orthogonal gradient descent for continual learning},
  author={Farajtabar, Mehrdad and Azizan, Navid and Mott, Alex and Li, Ang},
  booktitle={{AISTATS}},
  pages={3762--3773},
  year={2020},
  keywords={Regularization, Rehearsal},
  url={https://arxiv.org/abs/1910.07104},
}
@String(farajtabar2019orthogonal="projecting the gradients from new tasks onto a subspace in which the neural network output on previous task does not change and the projected gradient is still in a useful direction for learning the new task")


@incollection{Aljundi2019Gradient,
title={Gradient based sample selection for online continual learning},
author={Aljundi, Rahaf and Lin, Min and Goujaud, Baptiste and Bengio, Yoshua},
booktitle={Advances in Neural Information Processing Systems 32},
editor={H. Wallach and H. Larochelle and A. Beygelzimer and F. d\textquotesingle Alch\'{e}-Buc and E. Fox and R. Garnett},
pages={11816--11825},
year={2019},
publisher={Curran Associates, Inc.},
url={http://papers.nips.cc/paper/9354-gradient-based-sample-selection-for-online-continual-learning.pdf},
    keywords={Rehearsal}
}
@String(Aljundi2019Gradient="sample selection as a constraint reduction problem based on the constrained optimization view of continual learning")


@incollection{aljundi2019online,
title ={Online Continual Learning with Maximal Interfered Retrieval},
author={Aljundi, Rahaf and
, Lucas and Belilovsky, Eugene and Caccia, Massimo and Lin, Min and Charlin, Laurent and Tuytelaars, Tinne},
booktitle={Advances in Neural Information Processing Systems 32},
editor={H. Wallach and H. Larochelle and A. Beygelzimer and F. d\textquotesingle Alch\'{e}-Buc and E. Fox and R. Garnett},
pages={11849--11860},
year={2019},
publisher={Curran Associates, Inc.},
url={http://papers.nips.cc/paper/9357-online-continual-learning-with-maximal-interfered-retrieval.pdf},
keywords={Rehearsal}
}
@String(aljundi2019online="Controlled sampling of memories for replay to automatically rehearse on tasks currently undergoing the most forgetting")


@article{caccia2019online,
  title={Online Learned Continual Compression with Adaptative Quantization Module},
  author={Caccia, Lucas and Belilovsky, Eugene and Caccia, Massimo and Pineau, Joelle},
  journal={  arXiv:1911.08019},
  year={2019},
    keywords={Rehearsal},
    url={https://arxiv.org/abs/1911.08019}
}
@String(caccia2019online="Uses stacks of VQ-VAE modules to progressively compress the data stream, enabling better rehearsal")


@article{Ven2018GenerativeRW,
  title={Generative replay with feedback connections as a general strategy for continual learning},
  author={Michiel van der Ven and Andreas S. Tolias},
  journal={ArXiv},
  year={2018},
  volume={abs/1809.10635},
    keywords={Generative Replay},
    url={https://arxiv.org/abs/1809.10635}
}
@String(Ven2018GenerativeRW="smarter Generative Replay")

@incollection{Javed2019Meta,
title={Meta-Learning Representations for Continual Learning},
author={Javed, Khurram and White, Martha},
booktitle={Advances in Neural Information Processing Systems 32},
editor={H. Wallach and H. Larochelle and A. Beygelzimer and F. d\textquotesingle Alch\'{e}-Buc and E. Fox and R. Garnett},
pages={1818--1828},
year={2019},
publisher={Curran Associates, Inc.},
url={http://papers.nips.cc/paper/8458-meta-learning-representations-for-continual-learning.pdf},
    keywords={Meta-Continual Learning}
}
@String(Javed2019Meta="Introduces Learns how to continually learn (OML) i.e. learns how to do online updates without forgetting.")

@article{luo2019learning,
    title={Learning from the Past: Continual Meta-Learning via Bayesian Graph Modeling},
    author={Yadan Luo and Zi Huang and Zheng Zhang and Ziwei Wang and Mahsa Baktashmotlagh and Yang Yang},
    year={2019},
    eprint={1911.04695},
    archivePrefix={arXiv},
    primaryClass={cs.LG},
    keywords={Continual-Meta Learning},
    url={https://arxiv.org/abs/1911.04695}
}

@inproceedings{
Kurle2020Continual,
title={Continual Learning with Bayesian Neural Networks for Non-Stationary Data},
author={Richard Kurle and Botond Cseke and Alexej Klushyn and Patrick van der Smagt and Stephan G√ºnnemann},
booktitle={International Conference on Learning Representations},
year={2020},
url={https://openreview.net/forum?id=SJlsFpVtDB},
    keywords={Regularization}
}
@String(Kurle2020Continual="continual learning for non-stationary data using Bayesian neural networks and memory-based online variational Bayes")

@InProceedings{pmlr-v97-finn19a,
  title=   {Online Meta-Learning},
  author=  {Finn, Chelsea and Rajeswaran, Aravind and Kakade, Sham and Levine, Sergey},
  booktitle=   {Proceedings of the 36th International Conference on Machine Learning},
  pages=   {1920--1930},
  year=  {2019},
  editor=  {Chaudhuri, Kamalika and Salakhutdinov, Ruslan},
  volume=  {97},
  series=  {Proceedings of Machine Learning Research},
  address=   {Long Beach, California, USA},
  month=   {09--15 Jun},
  publisher=   {PMLR},
  pdf=   {http://proceedings.mlr.press/v97/finn19a/finn19a.pdf},
  url=   {http://proceedings.mlr.press/v97/finn19a.html},
    keywords={Continual-Meta Learning}
}
@String(pmlr-v97-finn19a="defines Online Meta-learning; propsoses Follow the Meta Leader (FTML) (~ Online MAML)")


@incollection{NIPS2019_9112,
title={Reconciling meta-learning and continual learning with online mixtures of tasks},
author={Jerfel, Ghassen and Grant, Erin and Griffiths, Tom and Heller, Katherine A},
booktitle={Advances in Neural Information Processing Systems 32},
editor={H. Wallach and H. Larochelle and A. Beygelzimer and F. d\textquotesingle Alch\'{e}-Buc and E. Fox and R. Garnett},
pages={9119--9130},
year={2019},
publisher={Curran Associates, Inc.},
url={http://papers.nips.cc/paper/9112-reconciling-meta-learning-and-continual-learning-with-online-mixtures-of-tasks.pdf},
    keywords={Continual-Meta Learning}
}
@String(NIPS2019_9112="Meta-learns a tasks structure; continual adaptation via non-parametric prior")


@inproceedings{
        nagabandi2018deep,
        title={Deep Online Learning Via Meta-Learning: Continual Adaptation for Model-Based RL},
        author={Anusha Nagabandi and Chelsea Finn and Sergey Levine},
        booktitle={International Conference on Learning Representations},
        year={2019},
        url={https://openreview.net/forum?id=HyxAfnA5tm},
        keywords={Lifelong Reinforcement Learning, TACRL, Continual-Meta }
}
@String(nagabandi2018deep="Formulates an online learning procedure that uses SGD to update model parameters, and an EM with a Chinese restaurant process prior to develop and maintain a mixture of models to handle non-stationary task distribution")

@article{rao2019continual,
    title={Continual Unsupervised Representation Learning},
    author={Dushyant Rao and Francesco Visin and Andrei A. Rusu and Yee Whye Teh and Razvan Pascanu and Raia Hadsell},
    year={2019},
    archivePrefix={arXiv},
    keywords={Generative Modeling, TACL},
    journal={arXiv:1910.14481}
}
@String(rao2019continual="Introduces unsupervised continual learning (no task label and no task boundaries)")

@inproceedings{lesort2018generative,
  title={Generative Models from the perspective of Continual Learning},
  AUTHOR={Lesort, Timoth√©e and Caselles-Dupr√©, Hugo and Garcia-Ortiz, Michael and Goudou, Jean-Fran{\c c}ois and Filliat, David},
booktitle={{IJCNN}},
  year={2019},
  PDF={https://hal.archives-ouvertes.fr/hal-01951954/file/_NIPS_CL_Workshop__Continual_learning_for_generative_models.pdf},
  HAL_ID={hal-01951954},
  keywords={"Generative Modeling", "Generative Replay"},
  HAL_VERSION={v1},
}
@String(lesort2018generative="Extensive evaluation of CL methods for generative modeling")

@article{ramapuram2017lifelong,
  title={Lifelong Generative Modeling},
  author={Ramapuram, Jason and Gregorova, Magda and Kalousis, Alexandros},
  journal={  arXiv:1705.09847},
  year={2017},
    keywords={Generative Modeling},
  url={https://arxiv.org/abs/1705.09847}
}
@String(Ramapuram17="first to focus on continual generative modeling (DGR's focus was still on continual supervised learning)")

@inproceedings{Alet2018ModularM,
  title={Modular meta-learning},
  author={Ferran Alet and Tom{\'a}s Lozano-P√©rez and Leslie Pack Kaelbling},
  booktitle={CoRL},
  year={2018},
    keywords={}
}

@inproceedings{
toneva2018an,
title={An Empirical Study of Example Forgetting during Deep Neural Network Learning},
author={Mariya Toneva and Alessandro Sordoni and Remi Tachet des Combes and Adam Trischler and Yoshua Bengio and Geoffrey J. Gordon},
booktitle={International Conference on Learning Representations},
year={2019},
url={https://openreview.net/forum?id=BJlxm30cKm},
    keywords={}
}

@book{zhang2020dive,
    title={Dive into Deep Learning},
    author={Aston Zhang and Zachary C. Lipton and Mu Li and Alexander J. Smola},
    note={\url{https://d2l.ai}},
    year={2020}
}

@inproceedings{
Oswald2020Continual,
title={Continual learning with hypernetworks},
author={Johannes von Oswald and Christian Henning and Jo√£o Sacramento and Benjamin F. Grewe},
booktitle={International Conference on Learning Representations},
year={2020},
url={https://openreview.net/forum?id=SJgwNerKvB},
    keywords={Hybrid}
}
@String(Oswald2020Continual="Learning task-conditioned hypernetworks for continual learning as well as task embeddings; hypernetwors offers good model compression.")

@inproceedings{Mccloskey89,
  title={Catastrophic interference in connectionist networks: The sequential learning problem},
  author={McCloskey, Michael and Cohen, Neal J},
  booktitle={Psychology of learning and motivation},
  volume={24},
  pages={109--165},
  year={1989},
  publisher={Elsevier},
  keywords={Classics},
  url={https://www.sciencedirect.com/science/article/pii/S0079742108605368}
}
@String(Mccloskey89="Introduces CL and reveals the catastrophic forgetting problem")

@article{He2019TaskAC,
  title={Task Agnostic Continual Learning via Meta Learning},
  author={Xu He and Jakub Sygnowski and Alexandre Galashov and Andrei A. Rusu and Yee Whye Teh and Razvan Pascanu},
  journal={ArXiv},
  year={2019},
  volume={abs/1906.05201},
  keywords={"Continual-Meta Learning"},
  url={https://arxiv.org/abs/1906.05201}
}
@String(He2019TaskAC="Introduces What \& How framework; enables Task Agnostic CL with meta learned task inference")

@article{Harrison2019ContinuousMW,
  title={Continuous Meta-Learning without Tasks},
  author={James Harrison and Apoorva Sharma and Chelsea Finn and Marco Pavone},
  journal={ArXiv},
  year={2019},
  volume={abs/1912.08866}
}

@article{van2019three,
  title={Three scenarios for continual learning},
  author={van de Ven, Gido M and Tolias, Andreas S},
  journal={  arXiv:1904.07734},
  year={2019},
  keywords={"Empirical Study"},
  url={https://arxiv.org/abs/1904.07734},
}
@String(van2019three="An extensive review of CL methods in three different scenarios (task-, domain-, and class-incremental learning)")

@inproceedings{lee2019overcoming,
  title={Overcoming Catastrophic Forgetting With Unlabeled Data in the Wild},
  author={Lee, Kibok and Lee, Kimin and Shin, Jinwoo and Lee, Honglak},
  booktitle={Proceedings of the IEEE International Conference on Computer Vision},
  pages={312--321},
  year={2019},
    keywords={Distillation},
   url={https://arxiv.org/abs/1903.12648},
}
@String(lee2019overcoming="Introducing global distillation loss and balanced finetuning; leveraging unlabeled data in the open world setting (Single-head setting)")

@inproceedings{wu2019large,
  title={Large scale incremental learning},
  author={Wu, Yue and Chen, Yinpeng and Wang, Lijuan and Ye, Yuancheng and Liu, Zicheng and Guo, Yandong and Fu, Yun},
  booktitle={Proceedings of the IEEE/CVF Conference on Computer Vision and Pattern Recognition},
  pages={374--382},
  year={2019},
    keywords={Rehearsal, Distillation},
    url={https://arxiv.org/abs/1905.13260}
}
@String(wu2019large="Introducing bias parameters to the last fully connected layer to resolve the data imbalance issue (Single-head setting)")

@inproceedings{hou2018lifelong,
  title={Lifelong learning via progressive distillation and retrospection},
  author={Hou, Saihui and Pan, Xinyu and Change Loy, Chen and Wang, Zilei and Lin, Dahua},
  booktitle={Proceedings of the European Conference on Computer Vision (ECCV)},
  pages={437--452},
  year={2018},
    keywords={Distillation},
    url={https://arxiv.org/abs/1905.13260}
}
@String(hou2018lifelong="Introducing an expert of the current task in the knowledge distillation method (Multi-head setting)")

@inproceedings{castro2018end,
  title={End-to-end incremental learning},
  author={Castro, Francisco M and Marin-Jimenez, Manuel J and Guil, Nicolas and Schmid, Cordelia and Alahari, Karteek},
  booktitle={Proceedings of the European Conference on Computer Vision (ECCV)},
  pages={233--248},
  year={2018},
    keywords={Distillation},
    url={https://arxiv.org/abs/1807.09536}
}
@String(castro2018end="Finetuning the last fully connected layer with a balanced dataset to resolve the data imbalance issue (Single-head setting)")

@inproceedings{rebuffi2017icarl,
  title={{iCARL}: Incremental classifier and representation learning},
  author={Rebuffi, Sylvestre-Alvise and Kolesnikov, Alexander and Sperl, Georg and Lampert, Christoph H},
  booktitle={{CVPR}},
  pages={2001--2010},
  year={2017},
    keywords={Distillation, Rehearsal},
  url={https://arxiv.org/abs/1611.07725}
}
@String(rebuffi2017icarl="Binary cross-entropy loss for representation learning \& exemplar memory (or coreset) for replay (Single-head setting)")


@InProceedings{Hou_2019_CVPR,
author={Hou, Saihui and Pan, Xinyu and Loy, Chen Change and Wang, Zilei and Lin, Dahua},
title={Learning a Unified Classifier Incrementally via Rebalancing},
booktitle={The IEEE Conference on Computer Vision and Pattern Recognition (CVPR)},
month={June},
year={2019},
    keywords={Rehearsal}
}


@inproceedings{mallya2018packnet,
  title={Packnet: Adding multiple tasks to a single network by iterative pruning},
  author={Mallya, Arun and Lazebnik, Svetlana},
  booktitle={Proceedings of the IEEE Conference on Computer Vision and Pattern Recognition},
  pages={7765--7773},
  year={2018},
    keywords={Dynamic Architecture}
}

@inproceedings{Mallya18Piggyback,
  title={Piggyback: Adapting a single network to multiple tasks by learning to mask weights},
  author={Mallya, Arun and Davis, Dillon and Lazebnik, Svetlana},
  booktitle={Proceedings of the European Conference on Computer Vision (ECCV)},
  pages={67--82},
  year={2018},
    keywords={Dynamic Architecture}
}

@inproceedings{wang17,
  title={Growing a brain: Fine-tuning by increasing model capacity},
  author={Wang, Yu-Xiong and Ramanan, Deva and Hebert, Martial},
  booktitle={Proceedings of the IEEE Conference on Computer Vision and Pattern Recognition},
  pages={2471--2480},
  year={2017},
    keywords={Dynamic Architecture}
}

@inproceedings{kemker18fearnet,
title={FearNet: Brain-Inspired Model for Incremental Learning},
author={Ronald Kemker and Christopher Kanan},
booktitle={International Conference on Learning Representations},
year={2018},
url={https://openreview.net/forum?id=SJ1Xmf-Rb},
    keywords={}
}

@inproceedings{liu2020generative,
  title={Generative feature replay for class-incremental learning},
  author={Liu, Xialei and Wu, Chenshen and Menta, Mikel and Herranz, Luis and Raducanu, Bogdan and Bagdanov, Andrew D and Jui, Shangling and de Weijer, Joost van},
  booktitle={Proceedings of the IEEE/CVF Conference on Computer Vision and Pattern Recognition Workshops},
  pages={226--227},
  year={2020}
}

@article{van2020brain,
  title={Brain-inspired replay for continual learning with artificial neural networks},
  author={van de Ven, Gido M and Siegelmann, Hava T and Tolias, Andreas S},
  journal={Nature communications},
  volume={11},
  number={1},
  pages={1--14},
  year={2020},
  publisher={Nature Publishing Group}
}

@inproceedings{gepperth2016incremental,
  TITLE={Incremental learning algorithms and applications},
  AUTHOR={Gepperth, Alexander and Hammer, Barbara},
  URL={https://hal.archives-ouvertes.fr/hal-01418129},
  BOOKTITLE={{ESANN}},
  ADDRESS={Bruges, Belgium},
  YEAR={2016},
  PDF={https://hal.archives-ouvertes.fr/hal-01418129/file/article.pdf},
  HAL_ID={hal-01418129},
  HAL_VERSION={v1},
    keywords={Survey}
}

@String(gepperth2016incremental="A survey on incremental learning and the various applications fields")


@inproceedings{aljundi2017expertGate,
  title={Expert gate: Lifelong learning with a network of experts},
  author={Aljundi, Rahaf and Chakravarty, Punarjay and Tuytelaars, Tinne},
  booktitle={Proceedings of the IEEE Conference on Computer Vision and Pattern Recognition},
  pages={3366--3375},
  year={2017},
    keywords={}
}

@article{Silver13,
abstract={Lifelong Machine Learning Systems: Beyond Learning Algorithms},
author={Silver, Daniel L and Yang, Qiang and Li, Lianghao},
isbn={9781577356028},
journal={AAAI Spring Symposium Series},
keywords={AAAI Technical Report SS-13-05},
number={Solomonoff 1989},
pages={49--55},
title={Lifelong Machine Learning Systems: Beyond Learning Algorithms},
year={2013}
}


@inproceedings{Lee16,
 author={Lee, Sang-Woo and Lee, Chung-Yeon and Kwak, Dong-Hyun and Kim, Jiwon and Kim, Jeonghee and Zhang, Byoung-Tak},
 title={Dual-memory Deep Learning Architectures for Lifelong Learning of Everyday Human Behaviors},
 booktitle={Proceedings of the Twenty-Fifth International Joint Conference on Artificial Intelligence},
 series={IJCAI'16},
 year={2016},
 isbn={978-1-57735-770-4},
 location={New York, New York, USA},
 pages={1669--1675},
 numpages={7},
 url={http://dl.acm.org/citation.cfm?id=3060832.3060854},
 acmid={3060854},
 publisher={AAAI Press},
    keywords={}
}

@article{Traore19DisCoRL,
  author   ={Ren√© Traor√© and
               Hugo Caselles{-}Dupr√© and
               Timoth√©e Lesort and
               Te Sun and
               Guanghang Cai and
               Natalia D{\'{\i}}az Rodr{\'{\i}}guez and
               David Filliat},
  title    ={{DisCoRL}: Continual Reinforcement Learning via Policy Distillation},
  journal  ={CoRR},
  volume   ={abs/1907.05855},
  year     ={2019},
  journal      ={ : 1907.05855},
  archivePrefix={arXiv},
  eprint   ={1907.05855},
  timestamp={Wed, 17 Jul 2019 10:27:36 +0200},
  biburl   ={https://dblp.org/rec/bib/journals/corr/abs-1907-05855},
  bibsource={dblp computer science bibliography, https://dblp.org},
    keywords={}
}

@inproceedings{Kalifou19,
  title={Continual Reinforcement Learning deployed in Real-life using PolicyDistillation and Sim2Real Transfer},
  author={Kalifou, Ren√© Traor√© and Caselles-Dupr√©, Hugo and Lesort, Timoth√©e and Sun, Te and Diaz-Rodriguez, Natalia and Filliat, David },
  booktitle={ICML Workshop on Multi-Task and Lifelong Learning},
  year={2019},
    keywords={Reinforcement Learning, Distillation, Rehearsal}
}

@inproceedings{Rios19,
 author={Rios, Amanda and Itti, Laurent},
 title={Closed-loop Memory GAN for Continual Learning},
 booktitle={Proceedings of the 28th International Joint Conference on Artificial Intelligence},
 series={IJCAI'19},
 year={2019},
 isbn={978-0-9992411-4-1},
 location={Macao, China},
 pages={3332--3338},
 numpages={7},
 url={http://dl.acm.org/citation.cfm?id=3367471.3367504},
 acmid={3367504},
 publisher={AAAI Press},
    keywords={"Generative Modeling", "Generative Replay"}
}

@INPROCEEDINGS{Hayes18NewMetrics,
author={T. L. Hayes and R. Kemker and N. D. Cahill and C. Kanan},
booktitle={2018 IEEE/CVF Conference on Computer Vision and Pattern Recognition Workshops (CVPRW)},
title={New Metrics and Experimental Paradigms for Continual Learning},
year={2018},
volume={},
number={},
pages={2112-21123},
keywords={Robots;Measurement;Training;Task analysis;Computational modeling;Neural networks;Data models},
doi={10.1109/CVPRW.2018.00273},
ISSN={2160-7516},
month={June}}

@article{Hayes18MemoryEfficient,
  author    = {Tyler L. Hayes and
               Nathan D. Cahill and
               Christopher Kanan},
  title     = {Memory Efficient Experience Replay for Streaming Learning},
  journal   = {CoRR},
  volume    = {abs/1809.05922},
  year      = {2018},
  url       = {http://arxiv.org/abs/1809.05922},
  archivePrefix = {arXiv},
  eprint    = {1809.05922},
  timestamp = {Fri, 05 Oct 2018 11:34:52 +0200},
  biburl    = {https://dblp.org/rec/bib/journals/corr/abs-1809-05922},
  bibsource = {dblp computer science bibliography, https://dblp.org}
}

@article{Chen2018Lifelong,
  title={Lifelong Machine Learning},
  author={Chen, Zhiyuan and Liu, Bing},
  journal={Synthesis Lectures on Artificial Intelligence and Machine Learning},
  volume={12},
  number={3},
  pages={1--207},
  year={2018},
  publisher={Morgan \& Claypool Publishers},
  isbn={1681733021},
  keywords={"Book"}
}
@String(Chen2018Lifelong="Book on Continual Learning. Extensive review of older and newer algorithm; motivations and relation to other ML paradigms")



@article{French99,
author={French, Robert M.},
doi={10.1016/S1364-6613(99)01294-2},
isbn={13646613},
issn={13646613},
journal={Trends in Cognitive Sciences},
number={4},
pages={128--135},
pmid={10322466},
title={Catastrophic forgetting in connectionist networks},
volume={3},
year={1999},
keywords={Classic},
url={https://www.sciencedirect.com/science/article/abs/pii/S1364661399012942}
}

@inproceedings{titsias2019functional,
  title={Functional Regularisation for Continual Learning with Gaussian Processes},
  author={Titsias, Michalis K and Schwarz, Jonathan and Matthews, Alexander G de G and Pascanu, Razvan and Teh, Yee Whye},
  booktitle={International Conference on Learning Representations},
  year={2019},
    keywords={Regularization},
    url={https://arxiv.org/abs/1901.11356}
}
@String(titsias2019functional="functional regularisation for Continual Learning: avoids forgetting a previous task by constructing and memorising an approximate posterior belief over the underlying task-specific function")


@article{Maltoni18,
  title={Continuous learning in single-incremental-task scenarios},
  author={Maltoni, Davide and Lomonaco, Vincenzo},
  journal={Neural Networks},
  volume={116},
  pages={56--73},
  year={2019},
  publisher={Elsevier},
  keywords={"Empirical Study"}
}

@inproceedings{Kemker2017Measuring,
  title={Measuring catastrophic forgetting in neural networks},
  author={Kemker, Ronald and McClure, Marc and Abitino, Angelina and Hayes, Tyler and Kanan, Christopher},
  booktitle={{AAAI}},
  volume={32},
  year={2018},
  url={https://arxiv.org/abs/1708.02072},
 keywords={Computer Science - Artificial Intelligence, Computer Science - Computer Vision and Pattern Recognition, Computer Science - Learning, Empirical Study}
}

@InProceedings{Lomonaco2017core50,
  title=   {CORe50: a New Dataset and Benchmark for Continuous Object Recognition},
  author=  {Vincenzo Lomonaco and Davide Maltoni},
  booktitle=   {Proceedings of the 1st Annual Conference on Robot Learning},
  pages=   {17--26},
  year=  {2017},
  editor=  {Sergey Levine and Vincent Vanhoucke and Ken Goldberg},
  volume=  {78},
  series=  {Proceedings of Machine Learning Research},
  address=   {},
  month=   {13--15 Nov},
 keywords={Empirical Study, Dataset},
  publisher=   {PMLR},
  pdf=   {http://proceedings.mlr.press/v78/lomonaco17a/lomonaco17a.pdf},
  url=   {http://proceedings.mlr.press/v78/lomonaco17a.html}
}

@inproceedings{lesort2018marginal,
  title={Marginal replay vs conditional replay for continual learning},
  author={Lesort, Timoth√©e and Gepperth, Alexander and Stoian, Andrei and Filliat, David},
  booktitle={{IJCNN}},
  pages={466--480},
  year={2019},
  organization={Springer},
    url={https://arxiv.org/abs/1810.12069},
    keywords={Generative Replay, }
}
@String(lesort2018marginal="Extensive evaluation of generative replay methods")

@article{Collet15,
  title={Herbdisc: Towards lifelong robotic object discovery},
  author={Collet, Alvaro and Xiong, Bo and Gurau, Corina and Hebert, Martial and Srinivasa, Siddhartha S},
  journal={The International Journal of Robotics Research},
  volume={34},
  number={1},
  pages={3--25},
  year={2015},
  publisher={SAGE Publications Sage UK: London, England},
    keywords={Robotics}
}


@article{beaulieu2020learning,
  title={Learning to Continually Learn},
  author={Beaulieu, Shawn and Frati, Lapo and Miconi, Thomas and Lehman, Joel and Stanley, Kenneth O and Clune, Jeff and Cheney, Nick},
  journal={  arXiv:2002.09571},
  year={2020},
    keywords={Meta-Continual Learning},
    url={https://arxiv.org/abs/2002.09571}
}
@String(beaulieu2020learning="Follow-up of OML. Meta-learns an activation-gating function instead.")

@article{spigler2019meta,
  title={Meta-learnt priors slow down catastrophic forgetting in neural networks},
  author={Spigler, Giacomo},
  journal={  arXiv:1909.04170},
  year={2019},
    keywords={Meta-Continual Learning},
    url={https://arxiv.org/pdf/1909.04170.pdf}
}
@String(spigler2019meta="Learning MAML in a Meta continual learning way slows down forgetting")


@inproceedings{riemer2018learning,
title={Learning to Learn without Forgetting By Maximizing Transfer and Minimizing Interference},
author={Matthew Riemer and Ignacio Cases and Robert Ajemian and Miao Liu and Irina Rish and Yuhai Tu and and Gerald Tesauro},
booktitle={International Conference on Learning Representations},
year={2019},
url={https://openreview.net/forum?id=B1gTShAct7},
keywords={Meta-Continual Learning}
}

@inproceedings{rolnick2019experience,
  title={Experience replay for continual learning},
  author={Rolnick, David and Ahuja, Arun and Schwarz, Jonathan and Lillicrap, Timothy and Wayne, Gregory},
  booktitle={Advances in Neural Information Processing Systems},
  pages={348--358},
  year={2019},
    keywords={Reinforcement, Rehearsal},
  url={https://arxiv.org/abs/1811.11682}
}



@article{caccia2020online,
  title={Online Fast Adaptation and Knowledge Accumulation: a New Approach to Continual Learning},
  author={Caccia, Massimo and Rodriguez, Pau and Ostapenko, Oleksiy and Normandin, Fabrice and Lin, Min and Caccia, Lucas and Laradji, Issam and Rish, Irina and Lacoste, Alexandre and Vazquez, David and Charlin, Laurent},
  journal={NeurIPS},
  year={2020},
  url={https://arxiv.org/abs/2003.05856},
  keywords={Continual-Meta Learning, Setting, TACL}
}
@String(caccia2020online="Proposes a new approach to CL evaluation more aligned with real-life applications, bringing CL closer to Online Learning and Open-World learning")


@inproceedings{
Yoon2020Scalable,
title={Scalable and Order-robust Continual Learning with Additive Parameter Decomposition},
author={Jaehong Yoon and Saehoon Kim and Eunho Yang and Sung Ju Hwang},
booktitle={International Conference on Learning Representations},
year={2020},
url={https://openreview.net/forum?id=r1gdj2EKPB}
}

@inproceedings{
Adel2020Continual,
title={Continual Learning with Adaptive Weights (CLAW)},
author={Tameem Adel and Han Zhao and Richard E. Turner},
booktitle={International Conference on Learning Representations},
year={2020},
url={https://openreview.net/forum?id=Hklso24Kwr}
}


@inproceedings{
Wen2020BatchEnsemble:,
title={BatchEnsemble: an Alternative Approach to Efficient Ensemble and Lifelong Learning},
author={Yeming Wen and Dustin Tran and Jimmy Ba},
booktitle={International Conference on Learning Representations},
year={2020},
url={https://openreview.net/forum?id=Sklf1yrYDr}
}

@inproceedings{
Yoo2020SNOW:,
title={SNOW: Subscribing to Knowledge via Channel Pooling for Transfer \& Lifelong Learning of Convolutional Neural Networks},
author={Chungkuk Yoo and Bumsoo Kang and Minsik Cho},
booktitle={International Conference on Learning Representations},
year={2020},
url={https://openreview.net/forum?id=rJxtgJBKDr}
}

@inproceedings{
sun2020lamal,
title={LAMAL: LAnguage Modeling Is All You Need for Lifelong Language Learning},
author={Fan-Keng Sun and Cheng-Hao Ho and Hung-Yi Lee},
booktitle={International Conference on Learning Representations},
year={2020},
url={https://openreview.net/forum?id=Skgxcn4YDS},
keywords={Applications}
}

@inproceedings{
Asghar2020Progressive,
title={Progressive Memory Banks for Incremental Domain Adaptation},
author={Nabiha Asghar and Lili Mou and Kira A. Selby and Kevin D. Pantasdo and Pascal Poupart and Xin Jiang},
booktitle={International Conference on Learning Representations},
year={2020},
url={https://openreview.net/forum?id=BkepbpNFwr}
}

@inproceedings{lee2019neural,
  title={A Neural Dirichlet Process Mixture Model for Task-Free Continual Learning},
  author={Lee, Soochan and Ha, Junsoo and Zhang, Dongsu and Kim, Gunhee},
  booktitle={International Conference on Learning Representations},
  year={2019},
  url={https://arxiv.org/pdf/2001.00689.pdf},
  keywords={"Hybrid", "TACL"}
}
@String(lee2019neural="This paper introduces expansion-based approach for task-free continual learning")

@inproceedings{
Li2020Compositional,
title={Compositional Language Continual Learning},
author={Yuanpeng Li and Liang Zhao and Kenneth Church and Mohamed Elhoseiny},
booktitle={International Conference on Learning Representations},
year={2020},
url={https://openreview.net/forum?id=rklnDgHtDS},
keywords={Applications, Setting}
}
@String(Li2020Compositional="method for compositional continual learning of sequence-to-sequence models")


@article{lomonaco2020cvpr,
  title={CVPR 2020 Continual Learning in Computer Vision Competition: Approaches, Results, Current Challenges and Future Directions},
  author={Lomonaco, Vincenzo and Pellegrini, Lorenzo and Rodriguez, Pau and Caccia, Massimo and She, Qi and Chen, Yu and Jodelet, Quentin and Wang, Ruiping and Mai, Zheda and Vazquez, David and others},
  journal={  arXiv:2009.09929},
  year={2020},
  keywords={Workshop}
}
@String(lomonaco2020cvpr="surveys the results of the first CL competition at CVPR")

@inproceedings{pfulb2019a,
title={A comprehensive, application-oriented study of catastrophic forgetting in {DNN}s},
author={B. Pfulb and A. Gepperth},
booktitle={International Conference on Learning Representations({ICLR})},
year={2019},
url={https://openreview.net/forum?id=BkloRs0qK7},
}


@article{Doncieux18,
  title={Open-ended Learning: a Conceptual Framework based on Representational Redescription},
  author={Stephane Doncieux and David Filliat and Natalia D\'{i}az-Rodr\'{i}guez and  Timothy Hospedales and Richard Duro and  Alexandre Coninx and  Diederik M. Roijers and Beno\^{i}t Girard and  Nicolas Perrin and Olivier Sigaud},
    journal={Frontiers in Neurorobotics},
  year={2018}
}


@article{lesort2019regularization,
  title={Regularization Shortcomings for Continual Learning},
  author={Lesort, Timoth√©e and Stoian, Andrei and Filliat, David},
  journal={  arXiv:1912.03049},
  year={2019}
}


@software{Lesort19Data,
  author       = {Timoth\'{e}e LESORT},
  title        = {Continual Learning Data Former},
  month        = {jan},
  year         = {2020},
  publisher    = {Zenodo},
  version      = {v1.0},
  doi          = {10.5281/zenodo.3605202},
  url          = {https://doi.org/10.5281/zenodo.3605202}
}

@article{seff2017continual,
  author    = {Ari Seff and
               Alex Beatson and
               Daniel Suo and
               Han Liu},
  title     = {Continual Learning in Generative Adversarial Nets},
  journal   = {CoRR},
  volume    = {abs/1705.08395},
  year      = {2017},
  url       = {http://arxiv.org/abs/1705.08395},
  archivePrefix = {arXiv},
  eprint    = {1705.08395},
  timestamp = {Sun, 22 Apr 2018 15:20:14 +0200},
  biburl    = {https://dblp.org/rec/bib/journals/corr/SeffBSL17},
  bibsource = {dblp computer science bibliography, https://dblp.org}
}

@inproceedings{Carlson10,
  title={Toward an architecture for never-ending language learning.},
  author={Carlson, Andrew and Betteridge, Justin and Kisiel, Bryan and Settles, Burr and Hruschka Jr, Estevam R and Mitchell, Tom M},
  booktitle={AAAI},
  volume={5},
  pages={3},
  year={2010},
  organization={Atlanta}
}

@incollection{wu2018memory,
title = {Memory Replay GANs: Learning to Generate New Categories without Forgetting},
author = {Wu, Chenshen and Herranz, Luis and Liu, Xialei and wang, yaxing and van de Weijer, Joost and Raducanu, Bogdan},
booktitle = {Advances in Neural Information Processing Systems 31},
editor = {S. Bengio and H. Wallach and H. Larochelle and K. Grauman and N. Cesa-Bianchi and R. Garnett},
pages = {5962--5972},
year = {2018},
publisher = {Curran Associates, Inc.},
url = {http://papers.nips.cc/paper/7836-memory-replay-gans-learning-to-generate-new-categories-without-forgetting.pdf}
}

@inproceedings{Kaeding16,
  title={Fine-tuning deep neural networks in continuous learning scenarios},
  author={K{\"a}ding, Christoph and Rodner, Erik and Freytag, Alexander and Denzler, Joachim},
  booktitle={Asian Conference on Computer Vision},
  pages={588--605},
  year={2016},
  organization={Springer}
}

@ARTICLE{Bellas10cognitive,
  title={A cognitive developmental robotics architecture for lifelong learning by evolution in real robots},
  author={Bellas, Francisco and Fai{\~n}a, Andr√©s and Varela, Gervasio and Duro, Richard J},
  booktitle={The 2010 International Joint Conference on Neural Networks (IJCNN)},
  pages={1--8},
  year={2010},
  organization={IEEE}
}

@article{michieli2019knowledge,
    title={Knowledge Distillation for Incremental Learning in Semantic Segmentation},
    author={Umberto Michieli and Pietro Zanuttigh},
    year={2019},
    eprint={1911.03462},
    archivePrefix={arXiv},
    primaryClass={cs.CV}
}

@inproceedings{Belouadah2018DeeSIL,
  title={DeeSIL: Deep-Shallow Incremental Learning.},
  author={Belouadah, Eden and Popescu, Adrian},
  booktitle={Proceedings of the European Conference on Computer Vision (ECCV)},
  pages={0--0},
  year={2018}
}

@inproceedings{belouadah2020scail,
  title={ScaIL: Classifier Weights Scaling for Class Incremental Learning},
  author={Belouadah, Eden and Popescu, Adrian},
  booktitle={The IEEE Winter Conference on Applications of Computer Vision},
  pages={1266--1275},
  year={2020}
}

@inproceedings{Lomonaco2019ContinualLW,
  title={Continual Learning with Deep Architectures},
  author={Vincenzo Lomonaco},
  year={2019},
  url={http://amsdottorato.unibo.it/9073/1/vincenzo_lomonaco_thesis.pdf},
keywords={Thesis}
}

@article{Triki17,
  author    = {Amal Rannen Triki and
               Rahaf Aljundi and
               Matthew B. Blaschko and
               Tinne Tuytelaars},
  title     = {Encoder Based Lifelong Learning},
  journal   = {CoRR},
  volume    = {abs/1704.01920},
  year      = {2017},
  url       = {http://arxiv.org/abs/1704.01920},
  archivePrefix = {arXiv},
  eprint    = {1704.01920},
  timestamp = {Wed, 07 Jun 2017 14:41:43 +0200},
  biburl    = {https://dblp.org/rec/bib/journals/corr/TrikiABT17},
  bibsource = {dblp computer science bibliography, https://dblp.org}
}

@InProceedings{Zhou12,
  title =    {Online Incremental Feature Learning with Denoising Autoencoders},
  author =   {Guanyu Zhou and Kihyuk Sohn and Honglak Lee},
  booktitle =    {Proceedings of the Fifteenth International Conference on Artificial Intelligence and Statistics},
  pages =    {1453--1461},
  year =   {2012},
  editor =   {Neil D. Lawrence and Mark Girolami},
  volume =   {22},
  series =   {Proceedings of Machine Learning Research},
  address =    {La Palma, Canary Islands},
  month =    {21--23 Apr},
  publisher =    {PMLR},
  pdf =    {http://proceedings.mlr.press/v22/zhou12b/zhou12b.pdf},
  url =    {http://proceedings.mlr.press/v22/zhou12b.html}
}

@article {Moens18,
  author = {Moens, Vincent and Zenon, Alexandre},
  title = {Learning and Forgetting Using Reinforced Bayesian Change Detection},
  year = {2018},
  doi = {10.1101/294959},
  publisher = {Cold Spring Harbor Laboratory},
  URL = {https://www.biorxiv.org/content/early/2018/04/06/294959},
  eprint = {https://www.biorxiv.org/content/early/2018/04/06/294959.full.pdf},
  journal = {bioRxiv}
}

@inproceedings{achille2018life,
 author = {Achille, Alessandro and Eccles, Tom and Matthey, Loic and Burgess, Chris and Watters, Nicholas and Lerchner, Alexander and Higgins, Irina},
 booktitle = {Advances in Neural Information Processing Systems},
 editor = {S. Bengio and H. Wallach and H. Larochelle and K. Grauman and N. Cesa-Bianchi and R. Garnett},
 pages = {},
 publisher = {Curran Associates, Inc.},
 title = {Life-Long Disentangled Representation Learning with Cross-Domain Latent Homologies},
 url = {https://proceedings.neurips.cc/paper/2018/file/a0afdf1ac166b8652ffe9dee6eac779e-Paper.pdf},
 volume = {31},
 year = {2018},
 kewwords={representation learning, generative replay}
}


@inproceedings{Ring05,
  title={Toward a formal framework for continual learning},
  author={Ring, Mark B},
  booktitle = {NIPS workshop on Inductive Transfer, Whistler, Canada.},
  year= {2005}
}

@phdthesis{ring94,
  title={Continual learning in reinforcement environments},
  author={Ring, Mark Bishop},
  year={1994},
  school={University of Texas at Austin Austin, Texas 78712},
  url={https://www.cs.utexas.edu/~ring/Ring-dissertation.pdf},
  keywords={Thesis}
}

@article{Mankowitz18,
  title={Unicorn: Continual Learning with a Universal, Off-policy Agent},
  author={Mankowitz, Daniel J and {\v{Z}}{\'\i}dek, Augustin and Barreto, Andr√© and Horgan, Dan and Hessel, Matteo and Quan, John and Oh, Junhyuk and van Hasselt, Hado and Silver, David and Schaul, Tom},
  journal={  arXiv:1802.08294},
  year={2018},
  keywords={reinforcement}
}

@article{gepperth16bio,
  TITLE = {A Bio-Inspired Incremental Learning Architecture for Applied Perceptual Problems},
  AUTHOR = {Gepperth, Alexander and Karaoguz, Cem},
  URL = {https://hal.archives-ouvertes.fr/hal-01418123},
  JOURNAL = {Cognitive Computation},
  PUBLISHER = {Springer},
  VOLUME = {8},
  PAGES = {924 - 934},
  YEAR = {2016},
  DOI = {10.1007/s12559-016-9389-5},
  PDF = {https://hal.archives-ouvertes.fr/hal-01418123/file/article.pdf},
  HAL_ID = {hal-01418123},
  HAL_VERSION = {v1},
}




@article{fernando2017pathnet,
  author    = {Chrisantha Fernando and
               Dylan Banarse and
               Charles Blundell and
               Yori Zwols and
               David Ha and
               Andrei A. Rusu and
               Alexander Pritzel and
               Daan Wierstra},
  title     = {PathNet: Evolution Channels Gradient Descent in Super Neural Networks},
  journal   = {CoRR},
  volume    = {abs/1701.08734},
  year      = {2017},
  url       = {http://arxiv.org/abs/1701.08734},
  timestamp = {Wed, 07 Jun 2017 14:42:32 +0200},
  biburl    = {http://dblp.org/rec/bib/journals/corr/FernandoBBZHRPW17},
  bibsource = {dblp computer science bibliography, http://dblp.org},
  keywords={"Reinforcement", "Dynamic Architecture", "General"}
}

@inproceedings{shmelkov2017incremental,
  author    = {Shmelkov, Konstantin and
               Schmid, Cordelia and
               Alahari, Karteek},
  title     = {Incremental Learning of Object Detectors without Catastrophic Forgetting},
  journal   = {CoRR},
  year      = {2017},
  url       = {http://arxiv.org/abs/1708.06977},
  archivePrefix = {arXiv},
  eprint    = {1708.06977},
  timestamp = {Mon, 13 Aug 2018 16:48:51 +0200},
  biburl    = {https://dblp.org/rec/bib/journals/corr/abs-1708-06977},
  bibsource = {dblp computer science bibliography, https://dblp.org}
}

@InProceedings{Roady2020Stream51,
    author = {Roady, Ryne and Hayes, Tyler L. and Vaidya, Hitesh and Kanan, Christopher},
    title = {Stream-51: Streaming Classification and Novelty Detection From Videos},
    booktitle = {The IEEE/CVF Conference on Computer Vision and Pattern Recognition (CVPR) Workshops},
    month = {June},
    year = {2020},
    keywords={"dataset"}
}

@article{she2019openlorisobject,
    title={OpenLORIS-Object: A Dataset and Benchmark towards Lifelong Object Recognition},
    author={Qi She and Fan Feng and Xinyue Hao and Qihan Yang and Chuanlin Lan and Vincenzo Lomonaco and Xuesong Shi and Zhengwei Wang and Yao Guo and Yimin Zhang and Fei Qiao and Rosa H. M. Chan},
    year={2019},
    eprint={1911.06487},
    archivePrefix={arXiv},
    primaryClass={cs.CV},
    keywords={"dataset"}
}

@article{shi2019ready,
    title={Are We Ready for Service Robots? The OpenLORIS-Scene Datasets for Lifelong SLAM},
    author={Xuesong Shi and Dongjiang Li and Pengpeng Zhao and Qinbin Tian and Yuxin Tian and Qiwei Long and Chunhao Zhu and Jingwei Song and Fei Qiao and Le Song and Yangquan Guo and Zhigang Wang and Yimin Zhang and Baoxing Qin and Wei Yang and Fangshi Wang and Rosa H. M. Chan and Qi She},
    year={2019},
    eprint={1911.05603},
    archivePrefix={arXiv},
    primaryClass={cs.RO},
    keywords={dataset}
}

@inproceedings{cavallari2017fly,
  title={On-the-fly adaptation of regression forests for online camera relocalisation},
  author={Cavallari, Tommaso and Golodetz, Stuart and Lord, Nicholas A and Valentin, Julien and Di Stefano, Luigi and Torr, Philip HS},
  booktitle={Proceedings of the IEEE Conference on Computer Vision and Pattern Recognition},
  pages={4457--4466},
  year={2017}
}

@INPROCEEDINGS{Craye15,
author={C. {Craye} and D. {Filliat} and J. {Goudou}},
booktitle={2015 Joint IEEE International Conference on Development and Learning and Epigenetic Robotics (ICDL-EpiRob)},
title={Exploration strategies for incremental learning of object-based visual saliency},
year={2015},
volume={},
number={},
pages={13-18},
keywords={image classification;image colour analysis;indoor environment;learning (artificial intelligence);object detection;object-based visual saliency;indoor environment;task-specific visual saliency;environment exploration mechanism;geometrical manner;salient element discovery;classifier training;salient object prediction;large-scale visual features;intrinsic motivation;RGB-D images;indoor object detection;incremental learning;Visualization;Uncertainty;Training;Vegetation;Indoor environments;Robot sensing systems},
doi={10.1109/DEVLRN.2015.7346099},
ISSN={},
month={Aug},}


@InProceedings{Dhar19,
author = {Dhar, Prithviraj and Singh, Rajat Vikram and Peng, Kuan-Chuan and Wu, Ziyan and Chellappa, Rama},
title = {Learning Without Memorizing},
booktitle = {The IEEE Conference on Computer Vision and Pattern Recognition (CVPR)},
month = {June},
year = {2019},
keywords={}
}


@article{Jung16,
  author    = {Heechul Jung and
               Jeongwoo Ju and
               Minju Jung and
               Junmo Kim},
  title     = {Less-forgetting Learning in Deep Neural Networks},
  journal   = {CoRR},
  volume    = {abs/1607.00122},
  year      = {2016},
  url       = {http://arxiv.org/abs/1607.00122},
  archivePrefix = {arXiv},
  eprint    = {1607.00122},
  timestamp = {Wed, 07 Jun 2017 14:40:16 +0200},
  biburl    = {https://dblp.org/rec/bib/journals/corr/JungJJK16},
  bibsource = {dblp computer science bibliography, https://dblp.org},
keywords={}
}


@article{Velez17,
  title={Diffusion-based neuromodulation can eliminate catastrophic forgetting in simple neural networks},
  author={Velez, Roby and Clune, Jeff},
  journal={PloS one},
  volume={12},
  number={11},
  year={2017},
  publisher={Public Library of Science},
keywords={}
}

@inproceedings{lee2017overcoming,
  title={Overcoming catastrophic forgetting by incremental moment matching},
  author={Lee, Sang-Woo and Kim, Jin-Hwa and Jun, Jaehyun and Ha, Jung-Woo and Zhang, Byoung-Tak},
  booktitle={Advances in Neural Information Processing Systems},
  pages={4652--4662},
  year={2017},
keywords={Regularization}
}

@INPROCEEDINGS{camoriano17a,
author={R. {Camoriano} and G. {Pasquale} and C. {Ciliberto} and L. {Natale} and L. {Rosasco} and G. {Metta}},
booktitle={2017 IEEE International Conference on Robotics and Automation (ICRA)},
title={Incremental robot learning of new objects with fixed update time},
year={2017},
volume={},
number={},
pages={3207-3214},
keywords={image classification;learning (artificial intelligence);least squares approximations;object recognition;robot vision;incremental robot learning;fixed update time;object recognition;lifelong learning;robotic agent learning;incremental variant;regularized least squares for classification;RLSC algorithm;machine learning benchmark dataset;robotic setting;Training;Robots;Computational modeling;Object recognition;Machine learning algorithms;Training data;Standards},
doi={10.1109/ICRA.2017.7989364},
ISSN={},
month={May},
}


@inproceedings{Camoriano16,
  title={Incremental semiparametric inverse dynamics learning},
  author={Camoriano, Raffaello and Traversaro, Silvio and Rosasco, Lorenzo and Metta, Giorgio and Nori, Francesco},
  booktitle={Robotics and Automation (ICRA), 2016 IEEE International Conference on},
  pages={544--550},
  year={2016},
  organization={IEEE},
keywords={}
}


@article{Mermillod13,
author = {Mermillod, Martial and Bugaiska, Aur√©lia and Bonin, Patrick},
doi = {10.3389/fpsyg.2013.00504},
issn = {1664-1078},
journal = {Frontiers in psychology},
number = {August},
pages = {504},
pmid = {23935590},
title = {The stability-plasticity dilemma: investigating the continuum from catastrophic forgetting to age-limited learning effects.},
url = {http://www.pubmedcentral.nih.gov/articlerender.fcgi?artid=3732997{\&}tool=pmcentrez{\&}rendertype=abstract},
volume = {4},
year = {2013},
keywords={}
}

@ARTICLE{Romeres16,
       author = {Romeres, Diego and Zorzi, Mattia and Camoriano, Raffaello and
        Chiuso, Alessandro},
        title = "{Online semi-parametric learning for inverse dynamics modeling}",
      journal = {arXiv e-prints},
     keywords = {Mathematics - Optimization and Control, Computer Science - Machine
        Learning, Statistics - Machine Learning},
         year = 2016,
        month = {Mar},
          eid = {arXiv:1603.05412},
        pages = {arXiv:1603.05412},
archivePrefix = {arXiv},
       eprint = {1603.05412},
 primaryClass = {math.OC},
       adsurl = {https://ui.adsabs.harvard.edu/\#abs/2016arXiv160305412R},
      adsnote = {Provided by the SAO/NASA Astrophysics Data System}
}

@article{Romeres18,
  author    = {Diego Romeres and
               Mattia Zorzi and
               Raffaello Camoriano and
               Silvio Traversaro and
               Alessandro Chiuso},
  title     = {Derivative-free online learning of inverse dynamics models},
  journal   = {CoRR},
  volume    = {abs/1809.05074},
  year      = {2018},
  url       = {http://arxiv.org/abs/1809.05074},
  archivePrefix = {arXiv},
  eprint    = {1809.05074},
  timestamp = {Fri, 05 Oct 2018 11:34:52 +0200},
  biburl    = {https://dblp.org/rec/bib/journals/corr/abs-1809-05074},
  bibsource = {dblp computer science bibliography, https://dblp.org},
keywords={}
}

@article{Shah18,
  title={Distillation Techniques for Pseudo-rehearsal Based Incremental Learning},
  author={Shah, Haseeb and Javed, Khurram and Shafait, Faisal},
  journal={  arXiv:1807.02799},
  year={2018},
keywords={}
}

@article{wu2018incremental,
  author    = {Yue Wu and
               Yinpeng Chen and
               Lijuan Wang and
               Yuancheng Ye and
               Zicheng Liu and
               Yandong Guo and
               Zhengyou Zhang and
               Yun Fu},
  title     = {Incremental Classifier Learning with Generative Adversarial Networks},
  journal   = {CoRR},
  volume    = {abs/1802.00853},
  year      = {2018},
  url       = {http://arxiv.org/abs/1802.00853},
  archivePrefix = {arXiv},
  eprint    = {1802.00853},
  timestamp = {Thu, 01 Mar 2018 15:00:45 +0100},
  biburl    = {https://dblp.org/rec/bib/journals/corr/abs-1802-00853},
  bibsource = {dblp computer science bibliography, https://dblp.org},
keywords={}
}

@ARTICLE{kamra2017deep,
   author = {Kamra, N. and Gupta, U. and Liu, Y.},
    title = "{Deep Generative Dual Memory Network for Continual Learning}",
  journal = {ArXiv e-prints},
archivePrefix = "arXiv",
   eprint = {1710.10368},
 keywords = {Computer Science - Machine Learning},
     year = 2017,
    month = {oct},
   adsurl = {http://adsabs.harvard.edu/abs/2017arXiv171010368K},
  adsnote = {Provided by the SAO/NASA Astrophysics Data System},
keywords={}
}

@inproceedings{Ritter18Online,
  title={Online structured laplace approximations for overcoming catastrophic forgetting},
  author={Ritter, Hippolyt and Botev, Aleksandar and Barber, David},
  booktitle={Advances in Neural Information Processing Systems},
  pages={3738--3748},
  year={2018},
keywords={Regularization}
}


@article{Lee17Lifelong,
  title={Lifelong learning with dynamically expandable networks},
  author={Yoon, Jaehong and Yang, Eunho and Lee, Jeongtae and Hwang, Sung Ju},
  journal={  arXiv:1708.01547},
  year={2017},
keywords={Dynamic Architecture}
}


@article{Robins95,
author = { Anthony   Robins },
title = {Catastrophic Forgetting, Rehearsal and Pseudorehearsal},
journal = {Connection Science},
volume = {7},
number = {2},
pages = {123-146},
year  = {1995},
publisher = {Taylor \& Francis},
doi = {10.1080/09540099550039318},
URL = {https://doi.org/10.1080/09540099550039318},
eprint = {https://doi.org/10.1080/09540099550039318},
keywords={Classic, Rehearsal}
}

@ARTICLE{caselles2018continual,
       author = {Caselles-Dupr√©, Hugo and Garcia-Ortiz, Michael and
         Filliat, David},
        title = "{S-TRIGGER: Continual State Representation Learning via Self-Triggered Generative Replay}",
      journal = {arXiv e-prints},
     keywords = {Computer Science - Machine Learning, Statistics - Machine Learning},
         year = "2019",
        month = "Feb",
          eid = {arXiv:1902.09434},
        pages = {arXiv:1902.09434},
archivePrefix = {arXiv},
       eprint = {1902.09434},
 primaryClass = {cs.LG},
       adsurl = {https://ui.adsabs.harvard.edu/\#abs/2019arXiv190209434C},
      adsnote = {Provided by the SAO/NASA Astrophysics Data System}
}

@article{Sodhani18,
  author    = {Shagun Sodhani and
               Sarathcon Chandar and
               Yoshua Bengio},
  title     = {On Training Recurrent Neural Networks for Lifelong Learning},
  journal   = {CoRR},
  volume    = {abs/1811.07017},
  year      = {2018},
  url       = {http://arxiv.org/abs/1811.07017},
  archivePrefix = {arXiv},
  eprint    = {1811.07017},
  timestamp = {Sun, 25 Nov 2018 18:57:12 +0100},
  biburl    = {https://dblp.org/rec/bib/journals/corr/abs-1811-07017},
  bibsource = {dblp computer science bibliography, https://dblp.org},
keywords={}
}


@article{Wong16,
  title={Towards Lifelong Self-Supervision: A Deep Learning Direction for Robotics},
  author={Wong, Jay M},
  journal={  arXiv:1611.00201},
  year={2016},
keywords={}
}


@article{Vuorio18,
  title={Meta Continual Learning},
  author={Vuorio, Risto and Cho, Dong-Yeon and Kim, Daejoong and Kim, Jiwon},
  journal={  arXiv:1806.06928},
  year={2018},
keywords={}
}

@inproceedings{Mitchell15,
  added-at = {2015-01-27T15:35:24.000+0100},
  author = {Mitchell, T. and Cohen, W. and Hruscha, E. and Talukdar, P. and Betteridge, J. and Carlson, A. and Dalvi, B. and Gardner, M. and Kisiel, B. and Krishnamurthy, J. and Lao, N. and Mazaitis, K. and Mohammad, T. and Nakashole, N. and Platanios, E. and Ritter, A. and Samadi, M. and Settles, B. and Wang, R. and Wijaya, D. and Gupta, A. and Chen, X. and Saparov, A. and Greaves, M. and Welling, J.},
  biburl = {https://www.bibsonomy.org/bibtex/263070703e6bb812852cca56574aed093/hotho},
  booktitle = {AAAI},
  description = {Papers by William W. Cohen},
  interhash = {52d0d71f6f5b332dabc1412f18e3a93d},
  intrahash = {63070703e6bb812852cca56574aed093},
  keywords = {learning nell ontology semantic toread},
  note = {: Never-Ending Learning in AAAI-2015},
  timestamp = {2015-01-27T15:35:24.000+0100},
  title = {Never-Ending Learning},
  url = {http://www.cs.cmu.edu/~wcohen/pubs.html},
  year = 2015,
keywords={}
}


@article{aljundi2019continual,
  title={Continual Learning in Neural Networks},
  author={Aljundi, Rahaf},
  journal={  arXiv:1910.02718},
  year={2019},
  url={https://arxiv.org/abs/1910.02718},
  keywords={Thesis}
}

@article{pellegrini2020latent,
      title={Latent Replay for Real-Time Continual Learning}, 
      author={Lorenzo Pellegrini and Gabriele Graffieti and Vincenzo Lomonaco and Davide Maltoni},
      year={2020},
      eprint={1912.01100},
      archivePrefix={arXiv},
      primaryClass={cs.LG}
}

@inproceedings{kim2018keep,
  title={Keep and learn: Continual learning by constraining the latent space for knowledge preservation in neural networks},
  author={Kim, Hyo-Eun and Kim, Seungwook and Lee, Jaehwan},
  booktitle={International Conference on Medical Image Computing and Computer-Assisted Intervention},
  pages={520--528},
  year={2018},
  organization={Springer},
keywords={}
}

@article {FleschE10313,
  author = {Flesch, Timo and Balaguer, Jan and Dekker, Ronald and Nili, Hamed and Summerfield, Christopher},
  title = {Comparing continual task learning in minds and machines},
  volume = {115},
  number = {44},
  pages = {E10313--E10322},
  year = {2018},
  doi = {10.1073/pnas.1800755115},
  publisher = {National Academy of Sciences},
  abstract = {Humans learn to perform many different tasks over the lifespan, such as speaking both French and Spanish. The brain has to represent task information without mutual interference. In machine learning, this {\textquotedblleft}continual learning{\textquotedblright} is a major unsolved challenge. Here, we studied the patterns of errors made by humans and state-of-the-art neural networks while they learned new tasks from scratch and without instruction. Humans, but not machines, seem to benefit from training regimes that blocked one task at a time, especially when they had a prior bias to represent stimuli in a way that encouraged task separation. Machines trained to exhibit the same prior bias suffered less interference between tasks, suggesting new avenues for solving continual learning in artificial systems.Humans can learn to perform multiple tasks in succession over the lifespan ({\textquotedblleft}continual{\textquotedblright} learning), whereas current machine learning systems fail. Here, we investigated the cognitive mechanisms that permit successful continual learning in humans and harnessed our behavioral findings for neural network design. Humans categorized naturalistic images of trees according to one of two orthogonal task rules that were learned by trial and error. Training regimes that focused on individual rules for prolonged periods (blocked training) improved human performance on a later test involving randomly interleaved rules, compared with control regimes that trained in an interleaved fashion. Analysis of human error patterns suggested that blocked training encouraged humans to form {\textquotedblleft}factorized{\textquotedblright} representation that optimally segregated the tasks, especially for those individuals with a strong prior bias to represent the stimulus space in a well-structured way. By contrast, standard supervised deep neural networks trained on the same tasks suffered catastrophic forgetting under blocked training, due to representational interference in the deeper layers. However, augmenting deep networks with an unsupervised generative model that allowed it to first learn a good embedding of the stimulus space (similar to that observed in humans) reduced catastrophic forgetting under blocked training. Building artificial agents that first learn a model of the world may be one promising route to solving continual task performance in artificial intelligence research.},
  issn = {0027-8424},
  URL = {https://www.pnas.org/content/115/44/E10313},
  eprint = {https://www.pnas.org/content/115/44/E10313.full.pdf},
  journal = {Proceedings of the National Academy of Sciences}
}



@article{Li19,
  author    = {Xilai Li and
               Yingbo Zhou and
               Tianfu Wu and
               Richard Socher and
               Caiming Xiong},
  title     = {Learn to Grow: {A} Continual Structure Learning Framework for Overcoming
               Catastrophic Forgetting},
  journal   = {CoRR},
  volume    = {abs/1904.00310},
  year      = {2019},
  url       = {http://arxiv.org/abs/1904.00310},
  archivePrefix = {arXiv},
  eprint    = {1904.00310},
  timestamp = {Wed, 24 Apr 2019 12:21:25 +0200},
  biburl    = {https://dblp.org/rec/bib/journals/corr/abs-1904-00310},
  bibsource = {dblp computer science bibliography, https://dblp.org},
keywords={Dynamic Architectures}
}

@inproceedings{gepperthICANN,
title={Catastrophic forgetting: still a problem for DNNs},
year=2018,
booktitle={International Conference on Artificial Neural Networks ({ICANN})},
author={Pf\"ulb, B and Gepperth, A and Abdullah, S and Krawczyk, A},
keywords={Empirical Study}
}

@inproceedings{Rahaf2019selfless,
title={Selfless Sequential Learning},
author={Rahaf Aljundi and Marcus Rohrbach and Tinne Tuytelaars},
booktitle={International Conference on Learning Representations},
year={2019},
url={https://openreview.net/forum?id=Bkxbrn0cYX},
}


@inproceedings{liu2018rotate,
  title={Rotate your networks: Better weight consolidation and less catastrophic forgetting},
  author={Liu, Xialei and Masana, Marc and Herranz, Luis and Van de Weijer, Joost and Lopez, Antonio M and Bagdanov, Andrew D},
  booktitle={2018 24th International Conference on Pattern Recognition (ICPR)},
  pages={2262--2268},
  year={2018},
  organization={IEEE}
}

@InProceedings{Ruvolo13,
  title =    {ELLA: An Efficient Lifelong Learning Algorithm},
  author =   {Paul Ruvolo and Eric Eaton},
  booktitle =    {Proceedings of the 30th International Conference on Machine Learning},
  pages =    {507--515},
  year =   {2013},
  editor =   {Sanjoy Dasgupta and David McAllester},
  volume =   {28},
  number =       {1},
  series =   {Proceedings of Machine Learning Research},
  address =    {Atlanta, Georgia, USA},
  month =    {17--19 June},
  publisher =    {PMLR},
  pdf =    {http://proceedings.mlr.press/v28/ruvolo13.pdf},
  url =    {http://proceedings.mlr.press/v28/ruvolo13.html},
}

@inproceedings{Pentina14,
  title={A {PAC}-Bayesian bound for lifelong learning},
  author={Pentina, Anastasia and Lampert, Christoph},
  booktitle={International Conference on Machine Learning},
  pages={991--999},
  year={2014}
}

@article{Lee17Toward,
  title={Toward Continual Learning for Conversational Agents},
  author={Lee, Sungjin},
  journal={  arXiv:1712.09943},
  year={2017}
}



@article{Santos-Diez10,
  title={Lifelong learning by evolution in robotics: bridging the gap from theory to reality},
  author={Santos-Diez, B and Bellas, F and Fai{\~n}a, A and Duro, RJ},
  year={2010},
  publisher={Citeseer},
  keywords={Robotics}
}

@article{ren2017life,
  title={Life-long learning based on dynamic combination model},
  author={Ren, Boya and Wang, Hongzhi and Li, Jianzhong and Gao, Hong},
  journal={Applied Soft Computing},
  volume={56},
  pages={398--404},
  year={2017},
  publisher={Elsevier}
}

@InProceedings{Doan2021Theoretical,
  title =    { A Theoretical Analysis of Catastrophic Forgetting through the {NTK} Overlap Matrix },
  author =       {Doan, Thang and Abbana Bennani, Mehdi and Mazoure, Bogdan and Rabusseau, Guillaume and Alquier, Pierre},
  booktitle =    {{AISTATS}},
  pages =    {1072--1080},
  year =   {2021},

}
@String(Doan2021Theoretical="Analysis of CF under NTK regime with a modified version of OGD, PCA-OGD")

@inproceedings{Nehmzow09,
  title={A proposal for continual learning in robotics},
  author={Nehmzow, Ulrich and Riano, Lorenzo and Londonderry, UK},
  year={2009}
}

@inproceedings{diethe2018continual,
  title={Continual Learning in Practice},
  author={Diethe, Tom and Borchert, Tom and Thereska, Eno and Pigem, Borja de Balle and Lawrence, Neil},
  booktitle={NeurIPS Continual Learning Workshop},
  keywords={Influential, Dynamic Architecture},
  url={https://arxiv.org/abs/1903.05202},
  year={2018}
}
@String(diethe2018continual="Proposes a reference architecture for a continual learning system")

@inproceedings{chen2018facilitating,
  title={Facilitating Bayesian Continual Learning by Natural Gradients and Stein Gradients},
  author={Chen, Yu and Diethe, Tom and Lawrence, Neil},
  booktitle={NeurIPS workshop on Continual Learning},
  keywords={Regularization},
  url={https://arxiv.org/abs/1904.10644},
  year={2018}
}
@String(chen2018facilitating="Improves on VCL")

@article{knoblauch2020optimal,
  title={Optimal Continual Learning has Perfect Memory and is NP-hard},
  author={Knoblauch, Jeremias and Husain, Hisham and Diethe, Tom},
  journal={  arXiv:2006.05188},
  year={2020},
keywords={Theory}
}

@article{gupta2020neural,
  title={Neural Topic Modeling with Continual Lifelong Learning},
  author={Gupta, Pankaj and Chaudhary, Yatin and Runkler, Thomas and Sch{\"u}tze, Hinrich},
  journal={  arXiv:2006.10909},
  year={2020}
}

@article{yoon2020xtarnet,
  title={XtarNet: Learning to Extract Task-Adaptive Representation for Incremental Few-Shot Learning},
  author={Yoon, Sung Whan and Kim, Do-Yeon and Seo, Jun and Moon, Jaekyun},
  journal={  arXiv:2003.08561},
  year={2020}
}

@inproceedings{ren2019incremental,
  title={Incremental few-shot learning with attention attractor networks},
  author={Ren, Mengye and Liao, Renjie and Fetaya, Ethan and Zemel, Richard},
  booktitle={Advances in Neural Information Processing Systems},
  pages={5275--5285},
  year={2019}
}

@inproceedings{tao2020few,
  title={Few-Shot Class-Incremental Learning},
  author={Tao, Xiaoyu and Hong, Xiaopeng and Chang, Xinyuan and Dong, Songlin and Wei, Xing and Gong, Yihong},
  booktitle={Proceedings of the IEEE/CVF Conference on Computer Vision and Pattern Recognition},
  pages={12183--12192},
  year={2020},
keywords={Few-Shot}
}

@inproceedings{perez2020incremental,
  title={Incremental Few-Shot Object Detection},
  author={Perez-Rua, Juan-Manuel and Zhu, Xiatian and Hospedales, Timothy M and Xiang, Tao},
  booktitle={Proceedings of the IEEE/CVF Conference on Computer Vision and Pattern Recognition},
  pages={13846--13855},
  year={2020},
keywords={Few-Shot}
}

@inproceedings{abati2020conditional,
  title={Conditional Channel Gated Networks for Task-Aware Continual Learning},
  author={Abati, Davide and Tomczak, Jakub and Blankevoort, Tijmen and Calderara, Simone and Cucchiara, Rita and Bejnordi, Babak Ehteshami},
  booktitle={Proceedings of the IEEE/CVF Conference on Computer Vision and Pattern Recognition},
  pages={3931--3940},
  year={2020}
}

 @InProceedings{He_2020_CVPR,
author = {He, Jiangpeng and Mao, Runyu and Shao, Zeman and Zhu, Fengqing},
title = {Incremental Learning in Online Scenario},
booktitle = {Proceedings of the IEEE/CVF Conference on Computer Vision and Pattern Recognition (CVPR)},
month = {June},
year = {2020}
}

@inproceedings{rajasegaran2020itaml,
  title={iTAML: An Incremental Task-Agnostic Meta-learning Approach},
  author={Rajasegaran, Jathushan and Khan, Salman and Hayat, Munawar and Khan, Fahad Shahbaz and Shah, Mubarak},
  booktitle={Proceedings of the IEEE/CVF Conference on Computer Vision and Pattern Recognition},
  pages={13588--13597},
  year={2020},
  keywords={TACL}
}

@inproceedings{wang2007background,
  title={Background subtraction using incremental subspace learning},
  author={Wang, Lu and Wang, Lei and Wen, Ming and Zhuo, Qing and Wang, Wenyuan},
  booktitle={2007 IEEE International Conference on Image Processing},
  volume={5},
  pages={V--45},
  year={2007},
  organization={IEEE}
}

@InProceedings{Meng_2020_CVPR,
author = {Meng, Qier and Shin'ichi, Satoh},
title = {ADINet: Attribute Driven Incremental Network for Retinal Image Classification},
booktitle = {Proceedings of the IEEE/CVF Conference on Computer Vision and Pattern Recognition (CVPR)},
month = {June},
year = {2020}
}

@inproceedings{yu2020semantic,
  title={Semantic drift compensation for class-incremental learning},
  author={Yu, Lu and Twardowski, Bartlomiej and Liu, Xialei and Herranz, Luis and Wang, Kai and Cheng, Yongmei and Jui, Shangling and Weijer, Joost van de},
  booktitle={Proceedings of the IEEE/CVF Conference on Computer Vision and Pattern Recognition},
  pages={6982--6991},
  year={2020}
}

@inproceedings{zhao2020maintaining,
  title={Maintaining Discrimination and Fairness in Class Incremental Learning},
  author={Zhao, Bowen and Xiao, Xi and Gan, Guojun and Zhang, Bin and Xia, Shu-Tao},
  booktitle={Proceedings of the IEEE/CVF Conference on Computer Vision and Pattern Recognition},
  pages={13208--13217},
  year={2020}
}

@inproceedings{liu2020mnemonics,
  title={Mnemonics Training: Multi-Class Incremental Learning without Forgetting},
  author={Liu, Yaoyao and Su, Yuting and Liu, An-An and Schiele, Bernt and Sun, Qianru},
  booktitle={Proceedings of the IEEE/CVF Conference on Computer Vision and Pattern Recognition},
  pages={12245--12254},
  year={2020}
}

@article{ebrahimi2020adversarial,
  title={Adversarial Continual Learning},
  author={Ebrahimi, Sayna and Meier, Franziska and Calandra, Roberto and Darrell, Trevor and Rohrbach, Marcus},
url={https://www.ecva.net/papers/eccv_2020/papers_ECCV/papers/123560375.pdf},
    booktitle={Proceedings of the IEEE European Conference on Computer Vision (ECCV)},
  year={2020}
}

@inproceedings{kimimbalanced,
  title={Imbalanced Continual Learning with Partitioning Reservoir Sampling},
  author={Kim, Chris Dongjoo and Jeong, Jinseo and Kim, Gunhee},
    booktitle={{ECCV}},
  year={2020},
url={https://www.ecva.net/papers/eccv_2020/papers_ECCV/papers/123580409.pdf},
keywords={Rehearsal}
}

@inproceedings{isele2018selective,
  title={Selective experience replay for lifelong learning},
  author={Isele, David and Cosgun, Akansel},
  booktitle={{AAAI}},
  keywords={Reinforcement, Rehearsal},
  url={https://arxiv.org/abs/1802.10269},
  year={2018}
}

@inproceedings{chrysakis2020online,
  title={Online continual learning from imbalanced data},
  author={Chrysakis, Aristotelis and Moens, Marie-Francine},
  booktitle={{ICML}},
  pages={1952--1961},
  year={2020},
}

@article{fini2020online,
  title={Online Continual Learning under Extreme Memory Constraints},
  author={Fini, Enrico and Lathuili√®re, St√®phane and Sangineto, Enver and Nabi, Moin and Ricci, Elisa},
    booktitle={Proceedings of the IEEE European Conference on Computer Vision (ECCV)},
  year={2020},
  keywords={Distillation},
  url={https://www.ecva.net/papers/eccv_2020/papers_ECCV/papers/123730715.pdf}
}
@String(fini2020online="Introduces Memory-Constrained Online Continual Learning, a setting where no information can be transferred between tasks, and proposes a distillation-based solution (Batch-level Distillation)")

@article{liu2020lira,
  title={LIRA: Lifelong Image Restoration from Unknown Blended Distortions},
  author={Liu, Jianzhao and Lin, Jianxin and Li, Xin and Zhou, Wei and Liu, Sen and Chen, Zhibo},
    booktitle={Proceedings of the IEEE European Conference on Computer Vision (ECCV)},
  year={2020},
url={https://www.ecva.net/papers/eccv_2020/papers_ECCV/papers/123630596.pdf}
}

@article{ye2020learning,
  title={Learning latent representations across multiple data domains using Lifelong VAEGAN},
  author={Ye, Fei and Bors, Adrian G},
    booktitle={Proceedings of the IEEE European Conference on Computer Vision (ECCV)},
  year={2020},
url={https://www.ecva.net/papers/eccv_2020/papers_ECCV/papers/123630596.pdf}
}

@article{zhaipiggyback,
  title={Piggyback GAN: Efficient Lifelong Learning for Image Conditioned Generation},
  author={Zhai, Mengyao and Chen, Lei and He, Jiawei and Nawhal, Megha and Tung, Frederick and Mori, Greg},
    booktitle={Proceedings of the IEEE European Conference on Computer Vision (ECCV)},
  year={2020},
url={https://www.ecva.net/papers/eccv_2020/papers_ECCV/papers/123650766.pdf}
}

@article{liumore,
  title={More Classifiers, Less Forgetting: A Generic Multi-classifier Paradigm for Incremental Learning},
  author={Liu, Yu and Parisot, Sarah and Slabaugh, Gregory and Jia, Xu and Leonardis, Ales and Tuytelaars, Tinne},
    booktitle={Proceedings of the IEEE European Conference on Computer Vision (ECCV)},
  year={2020},
url={https://www.ecva.net/papers/eccv_2020/papers_ECCV/papers/123710698.pdf}
}

@article{liuincremental,
  title={Incremental Few-Shot Meta-Learning via Indirect Discriminant Alignment},
  author={Liu, Qing and Majumder, Orchid and Achille, Alessandro and Ravichandran, Avinash and Bhotika, Rahul and Soatto, Stefano},
    booktitle={Proceedings of the IEEE European Conference on Computer Vision (ECCV)},
  year={2020},
url={https://www.ecva.net/papers/eccv_2020/papers_ECCV/papers/123520664.pdf},
keywords={Few-Shot}
}


@article{kundu2020class,
  title={Class-Incremental Domain Adaptation},
  author={Kundu, Jogendra Nath and Venkatesh, Rahul Mysore and Venkat, Naveen and Revanur, Ambareesh and Babu, R Venkatesh},
    booktitle={Proceedings of the IEEE European Conference on Computer Vision (ECCV)},
  year={2020},
url={https://www.ecva.net/papers/eccv_2020/papers_ECCV/papers/123580052.pdf}
}

@article{iscen2020memory,
  title={Memory-Efficient Incremental Learning Through Feature Adaptation},
  author={Iscen, Ahmet and Zhang, Jeffrey and Lazebnik, Svetlana and Schmid, Cordelia},
    booktitle={Proceedings of the IEEE European Conference on Computer Vision (ECCV)},
  year={2020},
url={https://www.ecva.net/papers/eccv_2020/papers_ECCV/papers/123610681.pdf}
}


@inproceedings{douillard2020podnet,
    title={PODNet: Pooled Outputs Distillation for Small-Tasks Incremental Learning},
    author={Douillard, Arthur and Cord, Matthieu and Ollion, Charles and Robert, Thomas and Valle, Eduardo},
    booktitle={Proceedings of the IEEE European Conference on Computer Vision (ECCV)},
    year={2020},
    keywords={Rehearsal, Distillation},
    url={https://www.ecva.net/papers/eccv_2020/papers_ECCV/papers/123650086.pdf}
}
@String(douillard2020podnet="Novel knowledge distillation that trades efficiently rigidity and plasticity to learn large amount of small tasks")


@article{kanakis2020reparameterizing,
  title={Reparameterizing Convolutions for Incremental Multi-Task Learning without Task Interference},
  author={Kanakis, Menelaos and Bruggemann, David and Saha, Suman and Georgoulis, Stamatios and Obukhov, Anton and Van Gool, Luc},
  booktitle={Proceedings of the IEEE European Conference on Computer Vision (ECCV)},
  year={2020},
url={https://www.ecva.net/papers/eccv_2020/papers_ECCV/papers/123650681.pdf}
}

@ARTICLE{Hayes202REMIND,
       author = {Hayes, Tyler L. and Kafle, Kushal and Shrestha, Robik and
         Acharya, Manoj and Kanan, Christopher},
        title = "{REMIND Your Neural Network to Prevent Catastrophic Forgetting}",
  booktitle={Proceedings of the IEEE European Conference on Computer Vision (ECCV)},
  year={2020},
url={https://www.ecva.net/papers/eccv_2020/papers_ECCV/papers/123650681.pdf},
keywords={Rehearsal}
}

@article{mundt2020wholistic,
  title={A Wholistic View of Continual Learning with Deep Neural Networks: Forgotten Lessons and the Bridge to Active and Open World Learning},
  author={Mundt, Martin and Hong, Yong Won and Pliushch, Iuliia and Ramesh, Visvanathan},
  journal={  arXiv:2009.01797},
  year={2020},
  keywords={New Settings or Metrics, Survey}
}
@String(mundt2020wholistic="propose a consolidated view to bridge continual learning, active learning and open set recognition in DNNs")


@article{Montiel2020river,
      title={River: machine learning for streaming data in Python},
      author={Jacob Montiel and Max Halford and Saulo Martiello Mastelini
              and Geoffrey Bolmier and Raphael Sourty and Robin Vaysse
              and Adil Zouitine and Heitor Murilo Gomes and Jesse Read
              and Talel Abdessalem and Albert Bifet},
      year={2020},
      eprint={2012.04740},
      archivePrefix={arXiv},
      primaryClass={cs.LG},
  keywords={"Library"; "Framework"}
}
@String(Montiel2020river="A library for online learning.")

@article{douillardlesort2020continuum,
  author={Douillard, Arthur and Lesort, Timoth√©e},
  title={Continuum, Data Loaders for Continual Learning},
  publisher={Github},
  journal={Github repository},
  howpublished={\url{https://github.com/Continvvm/continuum}},
  year={2020},
  keywords={"Library"; "Framework"}
}
@String(douillardlesort2020continuum="A library proposing continual learning scenarios and metrics.")

@inproceedings{saha2021gradient,
title={Gradient Projection Memory for Continual Learning},
author={Gobinda Saha and Kaushik Roy},
booktitle={International Conference on Learning Representations},
year={2021},
url={https://openreview.net/forum?id=3AOj0RCNC2},
keywords={}
}
@String(saha2021gradient="Forcing the gradient steps to be orthogonal to gradient steps from previous tasks")

@inproceedings{tang2021graphbased,
title={Graph-Based Continual Learning},
author={Binh Tang and David S. Matteson},
booktitle={International Conference on Learning Representations},
year={2021},
url={https://openreview.net/forum?id=HHSEKOnPvaO},
keywords={Rehearsal}
}
@String(tang2021graphbased="Use graphs to link saved samples and improve the memory quality.")

@inproceedings{ramasesh2021anatomy,
title={Anatomy of Catastrophic Forgetting: Hidden Representations and Task Semantics},
author={Vinay Venkatesh Ramasesh and Ethan Dyer and Maithra Raghu},
booktitle={International Conference on Learning Representations},
year={2021},
url={https://openreview.net/forum?id=LhY8QdUGSuw},
keywords={}
}
@String(ramasesh2021anatomy="Visualize catastrophic forgetting in NNs and propose some insight to alleviate it.")


@inproceedings{ebrahimi2021remembering,
title={Remembering for the Right Reasons: Explanations Reduce Catastrophic Forgetting},
author={Sayna Ebrahimi and Suzanne Petryk and Akash Gokul and William Gan and Joseph E. Gonzalez and Marcus Rohrbach and Trevor Rarrell},
booktitle={International Conference on Learning Representations({ICLR})},
year={2021},
keywords={}
}

@inproceedings{veniat2021efficient,
title={Efficient Continual Learning with Modular Networks and Task-Driven Priors},
author={Tom Veniat and Ludovic Denoyer and MarcAurelio Ranzato},
booktitle={{ICLR}},
year={2021},
url={https://openreview.net/forum?id=EKV158tSfwv},
keywords={Modular}
}

@inproceedings{loo2021generalized,
title={Generalized Variational Continual Learning},
author={Noel Loo and Siddharth Swaroop and Richard E Turner},
booktitle={International Conference on Learning Representations},
year={2021},
url={https://openreview.net/forum?id=_IM-AfFhna9},
keywords={}
}

@inproceedings{cha2021cpr,
title={CPR: Classifier-Projection Regularization for Continual Learning},
author={Sungmin Cha and Hsiang Hsu and Taebaek Hwang and Flavio Calmon and Taesup Moon},
booktitle={International Conference on Learning Representations},
year={2021},
url={https://openreview.net/forum?id=F2v4aqEL6ze},
keywords={}
}

@inproceedings{ayub2021eec,
title={EEC: Learning to Encode and Regenerate Images for Continual Learning},
author={Ali Ayub and Alan Wagner},
booktitle={International Conference on Learning Representations},
year={2021},
url={https://openreview.net/forum?id=lWaz5a9lcFU},
keywords={}
}

@inproceedings{ehret2021continual,
title={Continual learning in recurrent neural networks},
author={Benjamin Ehret and Christian Henning and Maria Cervera and Alexander Meulemans and Johannes Von Oswald and Benjamin F Grewe},
booktitle={International Conference on Learning Representations},
year={2021},
url={https://openreview.net/forum?id=8xeBUgD8u9},
keywords={}
}

@inproceedings{pham2021contextual,
title={Contextual Transformation Networks for Online Continual Learning},
author={Quang Pham and Chenghao Liu and Doyen Sahoo and Steven HOI},
booktitle={International Conference on Learning Representations},
year={2021},
url={https://openreview.net/forum?id=zx_uX-BO7CH},
keywords={}
}

@inproceedings{lu2021resetfree,
title={Reset-Free Lifelong Learning with Skill-Space Planning},
author={Kevin Lu and Aditya Grover and Pieter Abbeel and Igor Mordatch},
booktitle={International Conference on Learning Representations},
year={2021},
url={https://openreview.net/forum?id=HIGSa_3kOx3},
keywords={Reinforcement Learning}
}

@inproceedings{mendez2021lifelong,
title={Lifelong Learning of Compositional Structures},
author={Jorge A Mendez and ERIC EATON},
booktitle={International Conference on Learning Representations},
year={2021},
url={https://openreview.net/forum?id=ADWd4TJO13G},
keywords={}
}

@inproceedings{chen2021long,
title={Long Live the Lottery: The Existence of Winning Tickets in Lifelong Learning},
author={Tianlong Chen and Zhenyu Zhang and Sijia Liu and Shiyu Chang and Zhangyang Wang},
booktitle={International Conference on Learning Representations},
year={2021},
url={https://openreview.net/forum?id=LXMSvPmsm0g},
keywords={}
}

@inproceedings{chen2021incremental,
title={Incremental few-shot learning via vector quantization in deep embedded space},
author={Kuilin Chen and Chi-Guhn Lee},
booktitle={International Conference on Learning Representations},
year={2021},
url={https://openreview.net/forum?id=3SV-ZePhnZM},
keywords={}
}

@article{abdelsalam2021iirc,
  title={IIRC: Incremental Implicitly-Refined Classification},
  author={Mohamed Abdelsalam and Mojtaba Faramarzi and Shagun Sodhani and Sarath Chandar},
  year={2021},
  booktitle={Proceedings of the IEEE/CVF Conference on Computer Vision and Pattern Recognition},
  journal={CVPR},
    pages={11038--11047},
  url={https://chandar-lab.github.io/IIRC/},
  keywords={Benchmark and Setting}
}

@String(abdelsalam2021iirc="A setup and benchmark to evaluate lifelong learning models in more real-life aligned scenarios.")

@inproceedings{biesialska-etal-2020-continual,
    title = "Continual Lifelong Learning in Natural Language Processing: A Survey",
    author = "Magdalena Biesialska, Katarzyna Biesialska, Marta R. Costa-juss√†",
    booktitle = "Proceedings of the 28th International Conference on Computational Linguistics",
    month = "dec",
    year = "2020",
    address = "Barcelona, Spain (Online)",
    publisher = "International Committee on Computational Linguistics",
    url = "https://www.aclweb.org/anthology/2020.coling-main.574",
    doi = "10.18653/v1/2020.coling-main.574",
    pages = "6523--6541",
    keywords={Survey}
}

@String(biesialska-etal-2020-continual="An extensive review of CL in Natural Language Processing (NLP)")

@article{llmt2020,
  title={1st Lifelong Learning for Machine Translation Shared Task at WMT20 (EMNLP 2020)},
  author={Lo√Øc Barrault and Magdalena Biesialska and Marta R. Costa-juss√† and Fethi Bougares and  Olivier Galibert},
  journal={WMT20 @ EMNLP},
  year={2020},
  url={http://www.statmt.org/wmt20/lifelong-learning-task.html},
  keywords={Workshops},
}

@inproceedings{shim2020online,
  title={Online Class-Incremental Continual Learning with Adversarial Shapley Value},
  author={Dongsub Shim and Zheda Mai and Jihwan Jeong\* and Scott Sanner and Hyunwoo Kim and Jongseong Jang},
  booktitle={Proceedings of the AAAI Conference on Artificial Intelligence},
  year={2021},
  url={https://arxiv.org/pdf/2009.00093.pdf},
  keywords={Rehearsal}
}
@String(shim2020online="Use Shapley Value adversarially to select which samples to relay")

@article{BELOUADAH202138,
title = {A comprehensive study of class incremental learning algorithms for visual tasks},
journal = {Neural Networks},
volume = {135},
pages = {38-54},
year = {2021},
issn = {0893-6080},
doi = {https://doi.org/10.1016/j.neunet.2020.12.003},
url = {https://www.sciencedirect.com/science/article/pii/S0893608020304202},
author = {Belouadah, Eden and Popescu, Adrian and Kanellos, Ioannis},
keywords = {Empirical Study, Incremental learning, Catastrophic forgetting, Imbalanced learning, Image classification, Convolutional neural networks},
abstract = {The ability of artificial agents to increment their capabilities when confronted with new data is an open challenge in artificial intelligence. The main challenge faced in such cases is catastrophic forgetting, i.e., the tendency of neural networks to underfit past data when new ones are ingested. A first group of approaches tackles forgetting by increasing deep model capacity to accommodate new knowledge. A second type of approaches fix the deep model size and introduce a mechanism whose objective is to ensure a good compromise between stability and plasticity of the model. While the first type of algorithms were compared thoroughly, this is not the case for methods which exploit a fixed size model. Here, we focus on the latter, place them in a common conceptual and experimental framework and propose the following contributions: (1) define six desirable properties of incremental learning algorithms and analyze them according to these properties, (2) introduce a unified formalization of the class-incremental learning problem, (3) propose a common evaluation framework which is more thorough than existing ones in terms of number of datasets, size of datasets, size of bounded memory and number of incremental states, (4) investigate the usefulness of herding for past exemplars selection, (5) provide experimental evidence that it is possible to obtain competitive performance without the use of knowledge distillation to tackle catastrophic forgetting and (6) facilitate reproducibility by integrating all tested methods in a common open-source repository. The main experimental finding is that none of the existing algorithms achieves the best results in all evaluated settings. Important differences arise notably if a bounded memory of past classes is allowed or not.}
}

@article{mai2021online,
      title={Online Continual Learning in Image Classification: An Empirical Survey},
      author={Zheda Mai and Ruiwen Li and Jihwan Jeong and David Quispe and Hyunwoo Kim and Scott Sanner},
      year={2021},
      eprint={2101.10423},
      archivePrefix={arXiv},
      keywords = {Empirical Study, Incremental learning, Catastrophic forgetting, Imbalanced learning, Image classification, Convolutional neural networks},
      primaryClass={cs.LG}
}

@ARTICLE{Douillard2020Insights,
       author = {Douillard, Arthur and Valle, Eduardo and Ollion, Charles and Robert, Thomas and Cord, Matthieu},
        title = "{Insights from the Future for Continual Learning}",
      journal = {arXiv e-prints},
     keywords = {Computer Science - Computer Vision and Pattern Recognition},
         year = 2020,
        month = {June},
          eid = {arXiv:2006.13748},
        pages = {arXiv:2006.13748},
archivePrefix = {arXiv},
       eprint = {2006.13748},
 primaryClass = {cs.CV},
       adsurl = {https://ui.adsabs.harvard.edu/abs/2020arXiv200613748D},
      adsnote = {Provided by the SAO/NASA Astrophysics Data System}
}

@inproceedings{douillard2021plop,
  title={Plop: Learning without forgetting for continual semantic segmentation},
  author={Douillard, Arthur and Chen, Yifu and Dapogny, Arnaud and Cord, Matthieu},
  booktitle={Proceedings of the IEEE/CVF Conference on Computer Vision and Pattern Recognition},
  pages={4040--4050},
  year={2021},
  keywords={Semantic Segmentation}
}

@article{cermelli2020modeling,
      title={Modeling the Background for Incremental Learning in Semantic Segmentation},
      author={Fabio Cermelli and Massimiliano Mancini and Samuel Rota Bul√≤ and Elisa Ricci and Barbara Caputo},
      year={2020},
      eprint={2002.00718},
      archivePrefix={arXiv},
      primaryClass={cs.CV}
}


@article{hoi2018online,
  title={Online learning: A comprehensive survey},
  author={Hoi, Steven CH and Sahoo, Doyen and Lu, Jing and Zhao, Peilin},
  journal={  arXiv:1802.02871},
  year={2018}
}

@article{Chaudhry2019Continual,
  publtype={informal},
  author={Arslan Chaudhry and Marcus Rohrbach and Mohamed Elhoseiny and Thalaiyasingam Ajanthan and Puneet Kumar Dokania and Philip H. S. Torr and Marc'Aurelio Ranzato},
  title={Continual Learning with Tiny Episodic Memories.},
  year={2019},
  cdate={1546300800000},
  journal={CoRR},
  volume={abs/1902.10486},
  url={http://arxiv.org/abs/1902.10486},
  keywors={Rehearsal}
}

@article{douillard2021continuum,
      title={Continuum: Simple Management of Complex Continual Learning Scenarios}, 
      author={Arthur Douillard and Timoth√©e Lesort},
      year={2021},
      journal={arXiv:2102.06253},
      keywors={Library}
}

@article{yan2021der,
      title={DER: Dynamically Expandable Representation for Class Incremental Learning}, 
      author={Shipeng Yan and Jiangwei Xie and Xuming He},
      year={2021},
      eprint={2103.16788},
      archivePrefix={arXiv},
      primaryClass={cs.CV}
}

@inproceedings{hayes2020lifelong,
  title={Lifelong machine learning with deep streaming linear discriminant analysis},
  author={Hayes, Tyler L and Kanan, Christopher},
  booktitle={Proceedings of the IEEE/CVF Conference on Computer Vision and Pattern Recognition Workshops},
  pages={220--221},
  year={2020}
}

@ARTICLE{PangIncremental2005,
  author={ {Shaoning Pang} and S. {Ozawa} and N. {Kasabov}},
  journal={IEEE Transactions on Systems, Man, and Cybernetics, Part B (Cybernetics)}, 
  title={Incremental linear discriminant analysis for classification of data streams}, 
  year={2005},
  volume={35},
  number={5},
  pages={905-914},
  doi={10.1109/TSMCB.2005.847744}}


@article{lesort2021understanding,
  title={Understanding Continual Learning Settings with Data Distribution Drift Analysis},
  author={Lesort, Timoth√©e and Caccia, Massimo and Rish, Irina},
  journal={  arXiv:2104.01678},
  year={2021}
}
@String(lesort2021understanding="A white paper that propose a formal description of continual learning scenarios type.")

@inproceedings{lomonaco2020rehearsal,
  title={Rehearsal-free continual learning over small non-iid batches},
  author={Lomonaco, Vincenzo and Maltoni, Davide and Pellegrini, Lorenzo},
  booktitle={2020 IEEE/CVF Conference on Computer Vision and Pattern Recognition Workshops (CVPRW)},
  pages={989--998},
  year={2020},
  organization={IEEE Computer Society}
}

@article{diaz2018don,
  title={Don't forget, there is more than forgetting: new metrics for Continual Learning},
  author={D{\'\i}az-Rodr{\'\i}guez, Natalia and Lomonaco, Vincenzo and Filliat, David and Maltoni, Davide},
  journal={arXiv:1810.13166},
  year={2018},
  keywords={Metric}
}
@String(diaz2018don="introduces a CL score that takes more than just forgetting into account")

@article{normandin2021sequoia,
  author={Fabrice Normandin and Florian  Golemo and  Oleksiy Ostapenko and  Matthew Riemer and  Pau Rodriguez and  Julio Hurtado and  Khimya Khetarpal and Timoth√©e Lesort and  Laurent Charlin and Irina Rish and Massimo Caccia},
  title={Sequoia - Towards a Systematic Organization of Continual Learning Research},
  publisher={Github},
  journal={Github repository},
  howpublished={\url{https://github.com/lebrice/Sequoia}},
  url={https://github.com/lebrice/Sequoia},
  year={2021},
  keywords={Library, Framework, Setting}
}
@String(normandin2021sequoia="A library that unifies Continual Supervised and Continual Reinforcement Learning research")

@article{masana2020class,
  title={Framework for Analysis of Class-Incremental Learning},
  author={Masana, Marc and Liu, Xialei and Twardowski, Bartlomiej and Menta, Mikel and Bagdanov, Andrew D and van de Weijer, Joost},
  journal={  arXiv:2010.15277},
  year={2020},
  url={https://github.com/mmasana/FACIL},
  keywords={Library, Framework}
}
@String(masana2020class="A library for Continual Class-Incremental Learning")

@article{continualai2021avalanche,
   title = {Avalanche: an End-to-End Library for Continual Learning},
   author = {Vincenzo Lomonaco and Lorenzo Pellegrini and Andrea Cossu and Gabriele Graffieti and Antonio Carta},
   publisher={Github},
   journal={Github repository},
   url = {https://avalanche.continualai.org/},
   year = {2021},
   keywords={Library, Framework},
}
@String(continualai2021avalanche="A library for Continual Supervised Learning")

@article{nekoei2021continuous,
      title={Continuous Coordination As a Realistic Scenario for Lifelong Learning},
      author={Hadi Nekoei and Akilesh Badrinaaraayanan and Aaron Courville and Sarath Chandar},
      year={2021},
      eprint={2103.03216},
      archivePrefix={arXiv},
      primaryClass={cs.LG},
      url={https://github.com/chandar-lab/Lifelong-Hanabi},
      keywords={Library, Framework},
}
@String(nekoei2021continuous="a multi-agent lifelong learning testbed that supports both zero-shot and few-shot settings.")

@article{nguyen2019toward,
  title={Toward understanding catastrophic forgetting in continual learning},
  author={Nguyen, Cuong V and Achille, Alessandro and Lam, Michael and Hassner, Tal and Mahadevan, Vijay and Soatto, Stefano},
  journal={  arXiv:1908.01091},
  year={2019}
}

@inproceedings{lee2021continual,
  title={Continual Learning in the Teacher-Student Setup: Impact of Task Similarity},
  author={Lee, Sebastian and Goldt, Sebastian and Saxe, Andrew},
  booktitle={International Conference on Machine Learning},
  pages={6109--6119},
  year={2021},
  organization={PMLR}
}

@article{yin2021mitigating,
  title={Mitigating Forgetting in Online Continual Learning with Neuron Calibration},
  author={Yin, Haiyan and Li, Ping and others},
  journal={Advances in Neural Information Processing Systems},
  volume={34},
  year={2021},
  url={https://proceedings.neurips.cc/paper/2021/hash/54ee290e80589a2a1225c338a71839f5-Abstract.html}
}


@article{mcleod2021continual,
  title={Continual auxiliary task learning},
  author={McLeod, Matthew and Lo, Chunlok and Schlegel, Matthew and Jacobsen, Andrew and Kumaraswamy, Raksha and White, Martha and White, Adam},
  booktitle={Thirty-Fifth Conference on Neural Information Processing Systems},
  year={2021},
  url={https://proceedings.neurips.cc/paper/2021/hash/68331ff0427b551b68e911eebe35233b-Abstract.html}
}

@article{henning2021posterior,
  title={Posterior meta-replay for continual learning},
  author={Henning, Christian and Cervera, Maria and D'Angelo, Francesco and Von Oswald, Johannes and Traber, Regina and Ehret, Benjamin and Kobayashi, Seijin and Grewe, Benjamin F and Sacramento, Jo{\~a}o},
  journal={Advances in Neural Information Processing Systems},
  volume={34},
  year={2021},
  url={https://proceedings.neurips.cc/paper/2021/hash/761b42cfff120aac30045f7a110d0256-Abstract.html}
}

@article{hurtado2021optimizing,
  title={Optimizing Reusable Knowledge for Continual Learning via Metalearning},
  author={Hurtado, Julio and Raymond-Saez, Alain and Soto, Alvaro},
  booktitle={Thirty-Fifth Conference on Neural Information Processing Systems},
  year={2021},
  url={https://proceedings.neurips.cc/paper/2021/hash/761e6675f9e54673cc778e7fdb2823d2-Abstract.html}
}

@inproceedings{varshney2021cam,
  title={CAM-{GAN}: Continual Adaptation Modules for Generative Adversarial Networks},
  author={Varshney, Sakshi and Verma, Vinay Kumar and Srijith, PK and Carin, Lawrence and Rai, Piyush},
  booktitle={NeurIPS},
  year={2021},
  url={https://proceedings.neurips.cc/paper/2021/hash/8073bd4ed0fe0c330290c58056a2cd5e-Abstract.html}
}

@inproceedings{pham2021dualnet,
  title={DualNet: Continual Learning, Fast and Slow},
  author={Pham, Quang and Liu, Chenghao and others},
  booktitle={Thirty-Fifth Conference on Neural Information Processing Systems},
  year={2021},
  url={https://proceedings.neurips.cc/paper/2021/hash/86a1fa88adb5c33bd7a68ac2f9f3f96b-Abstract.html}
}

@article{raghavan2021formalizing,
  title={Formalizing the Generalization-Forgetting Trade-off in Continual Learning},
  author={Raghavan, Krishnan and Balaprakash, Prasanna},
  journal={Advances in Neural Information Processing Systems},
  volume={34},
  year={2021},
  url={https://proceedings.neurips.cc/paper/2021/hash/901797aebf0b23ecbab534d61ad33bb1-Abstract.html}
}

@inproceedings{egorov2021boovae,
  title={BooVAE: Boosting Approach for Continual Learning of VAE},
  author={Egorov, Evgenii and Kuzina, Anna and Burnaev, Evgeny},
  booktitle={Thirty-Fifth Conference on Neural Information Processing Systems},
  year={2021},
  url={https://proceedings.neurips.cc/paper/2021/hash/952285b9b7e7a1be5aa7849f32ffff05-Abstract.html}
}

@article{deng2021flattening,
  title={Flattening Sharpness for Dynamic Gradient Projection Memory Benefits Continual Learning},
  author={Deng, Danruo and Chen, Guangyong and Hao, Jianye and Wang, Qiong and Heng, Pheng-Ann},
  journal={Advances in Neural Information Processing Systems},
  volume={34},
  year={2021},
  url={https://proceedings.neurips.cc/paper/2021/hash/9b16759a62899465ab21e2e79d2ef75c-Abstract.html}
}

@article{qin2021bns,
  title={BNS: Building Network Structures Dynamically for Continual Learning},
  author={Qin, Qi and Hu, Wenpeng and Peng, Han and Zhao, Dongyan and Liu, Bing},
  journal={Advances in Neural Information Processing Systems},
  volume={34},
  year={2021},
  url={https://proceedings.neurips.cc/paper/2021/hash/ac64504cc249b070772848642cffe6ff-Abstract.html}
}

@article{banayeeanzade2021generative,
  title={Generative vs. Discriminative: Rethinking The Meta-Continual Learning},
  author={Banayeeanzade, Mohammadamin and Mirzaiezadeh, Rasoul and Hasani, Hosein and Soleymani, Mahdieh},
  journal={Advances in Neural Information Processing Systems},
  volume={34},
  year={2021},
  url={https://proceedings.neurips.cc/paper/2021/hash/b4e267d84075f66ebd967d95331fcc03-Abstract.html}
}

@inproceedings{wang2021afec,
  title={AFEC: Active Forgetting of Negative Transfer in Continual Learning},
  author={Wang, Liyuan and Zhang, Mingtian and Jia, Zhongfan and Li, Qian and Bao, Chenglong and Ma, Kaisheng and Zhu, Jun and Zhong, Yi},
  booktitle={Thirty-Fifth Conference on Neural Information Processing Systems},
  year={2021},
  url={https://proceedings.neurips.cc/paper/2021/hash/bc6dc48b743dc5d013b1abaebd2faed2-Abstract.html}
}

@article{ke2021achieving,
  title={Achieving Forgetting Prevention and Knowledge Transfer in Continual Learning},
  author={Ke, Zixuan and Liu, Bing and Ma, Nianzu and Xu, Hu and Shu, Lei},
  journal={Advances in Neural Information Processing Systems},
  volume={34},
  year={2021},
  url={https://proceedings.neurips.cc/paper/2021/hash/bcd0049c35799cdf57d06eaf2eb3cff6-Abstract.html}
}


@article{zhang2021variational,
  title={Variational Continual Bayesian Meta-Learning},
  author={Zhang, Qiang and Fang, Jinyuan and Meng, Zaiqiao and Liang, Shangsong and Yilmaz, Emine},
  journal={Advances in Neural Information Processing Systems},
  volume={34},
  year={2021},
  url={https://proceedings.neurips.cc/paper/2021/hash/cdd0500dc0ef6682fa6ec6d2e6b577c4-Abstract.html}
}


@inproceedings{kao2021natural,
  title={Natural continual learning: success is a journey, not (just) a destination},
  author={Kao, Ta-Chu and Jensen, Kristopher T and van de Ven, Gido Martijn and Bernacchia, Alberto and Hennequin, Guillaume},
  booktitle={Thirty-Fifth Conference on Neural Information Processing Systems},
  year={2021},
  url={https://proceedings.neurips.cc/paper/2021/hash/ec5aa0b7846082a2415f0902f0da88f2-Abstract.html}
}

@article{wolczyk2021continual,
  title={Continual World: A Robotic Benchmark For Continual Reinforcement Learning},
  author={Wo{\l}czyk, Maciej and Zaj{\k{a}}c, Micha{\l} and Pascanu, Razvan and Kuci{\'n}ski, {\L}ukasz and Mi{\l}o{\'s}, Piotr},
  booktitle={Thirty-Fifth Conference on Neural Information Processing Systems},
  year={2021},
  url={https://proceedings.neurips.cc/paper/2021/hash/ef8446f35513a8d6aa2308357a268a7e-Abstract.html}
}

@inproceedings{jin2021gradient,
  title={Gradient-based Editing of Memory Examples for Online Task-free Continual Learning},
  author={Jin, Xisen and Sadhu, Arka and Du, Junyi and Ren, Xiang},
  booktitle={Thirty-Fifth Conference on Neural Information Processing Systems},
  year={2021},
  url={https://proceedings.neurips.cc/paper/2021/hash/f45a1078feb35de77d26b3f7a52ef502-Abstract.html}
}


@inproceedings{ostapenko2021continual,
  title={Continual Learning via Local Module Composition},
  author={Ostapenko, Oleksiy and Rodriguez, Pau and Caccia, Massimo and Charlin, Laurent},
  booktitle={NeurIPS},
  year={2021},
  keywords={modular,dynamic architecture}
}

@inproceedings{rostami2021lifelong,
  title={Lifelong Domain Adaptation via Consolidated Internal Distribution},
  author={Rostami, Mohammad},
  booktitle={Thirty-Fifth Conference on Neural Information Processing Systems},
  year={2021},
  url={https://proceedings.neurips.cc/paper/2021/hash/5caf41d62364d5b41a893adc1a9dd5d4-Abstract.html}
}

@article{shi2021overcoming,
  title={Overcoming Catastrophic Forgetting in Incremental Few-Shot Learning by Finding Flat Minima},
  author={Shi, Guangyuan and Chen, Jiaxin and Zhang, Wenlong and Zhan, Li-Ming and Wu, Xiao-Ming},
  journal={Advances in Neural Information Processing Systems},
  volume={34},
  year={2021},
  url={https://proceedings.neurips.cc/paper/2021/hash/357cfba15668cc2e1e73111e09d54383-Abstract.html}
}

@article{liu2021rmm,
  title={RMM: Reinforced Memory Management for Class-Incremental Learning},
  author={Liu, Yaoyao and Schiele, Bernt and Sun, Qianru},
  journal={Advances in Neural Information Processing Systems},
  volume={34},
  year={2021},
  url={https://proceedings.neurips.cc/paper/2021/hash/1cbcaa5abbb6b70f378a3a03d0c26386-Abstract.html}
}

@article{kim2021ssul,
  title={SSUL: Semantic Segmentation with Unknown Label for Exemplar-based Class-Incremental Learning},
  author={Kim, Sungmin Cha and Yoo, Youngjoon and Moon, Taesup and others},
  booktitle={Thirty-Fifth Conference on Neural Information Processing Systems},
  year={2021},
  url={https://proceedings.neurips.cc/paper/2021/hash/5a9542c773018268fc6271f7afeea969-Abstract.html}
}

@inproceedings{zhu2021class,
  title={Class-Incremental Learning via Dual Augmentation},
  author={Zhu, Fei and Cheng, Zhen and Zhang, Xu-yao and Liu, Cheng-lin},
  booktitle={Thirty-Fifth Conference on Neural Information Processing Systems},
  year={2021},
  url={https://proceedings.neurips.cc/paper/2021/hash/77ee3bc58ce560b86c2b59363281e914-Abstract.html}
}

@article{dong2021bridging,
  title={Bridging Non Co-occurrence with Unlabeled In-the-wild Data for Incremental Object Detection},
  author={Dong, Na and Zhang, Yongqiang and Ding, Mingli and Lee, Gim Hee},
  journal={Advances in Neural Information Processing Systems},
  volume={34},
  year={2021},
  url={https://proceedings.neurips.cc/paper/2021/hash/ffc58105bf6f8a91aba0fa2d99e6f106-Abstract.html}
}

@inproceedings{
Lee2020A,
title={A Neural Dirichlet Process Mixture Model for Task-Free Continual Learning},
author={Soochan Lee and Junsoo Ha and Dongsu Zhang and Gunhee Kim},
booktitle={International Conference on Learning Representations},
year={2020},
url={https://openreview.net/forum?id=SJxSOJStPr}
}

@inproceedings{mirzadeh2021linear,
title={Linear Mode Connectivity in Multitask and Continual Learning},
author={Seyed Iman Mirzadeh and Mehrdad Farajtabar and Dilan Gorur and Razvan Pascanu and Hassan Ghasemzadeh},
booktitle={International Conference on Learning Representations},
year={2021},
url={https://openreview.net/forum?id=Fmg_fQYUejf},
keywords={}
}

@article{caccia2021reducing,
  title={Reducing representation drift in online continual learning},
  author={Caccia, Lucas and Aljundi, Rahaf and Asadi, Nader and Tuytelaars, Tinne and Pineau, Joelle and Belilovsky, Eugene},
  journal={  arXiv:2104.05025},
  year={2021}
}

@article{lesort2021continual,
  title={Continual Learning in Deep Networks: an Analysis of the Last Layer},
  author={Lesort, Timoth{\'e}e and George, Thomas and Rish, Irina},
  journal={  arXiv:2106.01834},
  year={2021},
  url={https://arxiv.org/abs/2106.01834},
  keywords={Analysis,Architecture,Regularization}
}

@article{Wang2018Dataset,
  author    = {Tongzhou Wang and
               Jun{-}Yan Zhu and
               Antonio Torralba and
               Alexei A. Efros},
  title     = {Dataset Distillation},
  journal   = {CoRR},
  volume    = {abs/1811.10959},
  year      = {2018},
  url       = {http://arxiv.org/abs/1811.10959},
  eprinttype = {arXiv},
  eprint    = {1811.10959},
  timestamp = {Tue, 19 May 2020 11:25:34 +0200},
  biburl    = {https://dblp.org/rec/journals/corr/abs-1811-10959.bib},
  bibsource = {dblp computer science bibliography, https://dblp.org}
}

@inproceedings{
wu2022pretrained,
title={Pretrained Language Model in Continual Learning: A Comparative Study},
author={Tongtong Wu and Massimo Caccia and Zhuang Li and Yuan-Fang Li and Guilin Qi and Gholamreza Haffari},
booktitle={International Conference on Learning Representations},
year={2022},
url={https://openreview.net/forum?id=figzpGMrdD}
}

@inproceedings{mirzadeh2020dropout,
  title={Dropout as an implicit gating mechanism for continual learning},
  author={Mirzadeh, Seyed Iman and Farajtabar, Mehrdad and Ghasemzadeh, Hassan},
  booktitle={Proceedings of the IEEE/CVF Conference on Computer Vision and Pattern Recognition Workshops},
  pages={232--233},
  year={2020}
}

@inproceedings{hu2022how,
title={How Well Does Self-Supervised Pre-Training Perform with Streaming Data?},
author={Dapeng Hu and Shipeng Yan and Qizhengqiu Lu and Lanqing HONG and Hailin Hu and Yifan Zhang and Zhenguo Li and Xinchao Wang and Jiashi Feng},
booktitle={International Conference on Learning Representations},
year={2022},
url={https://openreview.net/forum?id=EwqEx5ipbOu}
}
@inproceedings{bagus2021investigation,
  title={An Investigation of Replay-based Approaches for Continual Learning},
  author={Bagus, Benedikt and Gepperth, Alexander},
  booktitle={2021 International Joint Conference on Neural Networks (IJCNN)},
  pages={1--9},
  year={2021},
  organization={IEEE},
url={https://arxiv.org/abs/2108.06758},
keywords={Survey,Replay}
}
@inproceedings{desai2021continual,
  title={Continual Learning with Differential Privacy},
  author={Desai, Pradnya and Lai, Phung and Phan, NhatHai and Thai, My T},
  booktitle={International Conference on Neural Information Processing},
  pages={334--343},
  year={2021},
  organization={Springer}
}
@article{douillard2021dytox,
  title={DyTox: Transformers for Continual Learning with DYnamic TOken eXpansion},
  author={Douillard, Arthur and Ram{\'e}, Alexandre and Couairon, Guillaume and Cord, Matthieu},
  journal={  arXiv:2111.11326},
  year={2021},
url={https://arxiv.org/abs/2111.11326},
keywords={Dynamic Architecture}
}
@article{douillardlesort2021continuum,
  author={Douillard, Arthur and Lesort, Timoth√©e},
  title={Continuum: Simple Management of Complex Continual Learning Scenarios},
  publisher={arXiv: 2102.06253},
  year={2021},
  url={https://arxiv.org/abs/2102.06253},
  keywords={Framework,Scenarios}
}
@article{jang2021towards,
  title={Towards Continual Knowledge Learning of Language Models},
  author={Jang, Joel and Ye, Seonghyeon and Yang, Sohee and Shin, Joongbo and Han, Janghoon and Kim, Gyeonghun and Choi, Stanley Jungkyu and Seo, Minjoon},
  journal={  arXiv:2110.03215},
  year={2021},
  url={https://arxiv.org/abs/2110.03215},
  keywords={Language}
}
@article{mirzadeh2022architecture,
  title={Architecture Matters in Continual Learning},
  author={Mirzadeh, Seyed Iman and Chaudhry, Arslan and Yin, Dong and Nguyen, Timothy and Pascanu, Razvan and Gorur, Dilan and Farajtabar, Mehrdad},
  journal={  arXiv:2202.00275},
  year={2022}
}
@article{lomonaco2019fine,
  title={Fine-grained continual learning},
  author={Lomonaco, Vincenzo and Maltoni, Davide and Pellegrini, Lorenzo},
  journal={  arXiv:1907.03799},
  volume={1},
  year={2019}
}

@article{gallardo2021self,
  title={Self-Supervised Training Enhances Online Continual Learning},
  author={Gallardo, Jhair and Hayes, Tyler L and Kanan, Christopher},
  journal={BMVC},
  year={2021}
}
@article{
mehta2022an,
title={An Empirical Investigation of the Role of Pre-training in Lifelong Learning},
author={Sanket Vaibhav Mehta and Darshan Patil and Sarath Chandar and Emma Strubell},
year={2022},
url={https://openreview.net/forum?id=D9E8MKsfhw}
}
@inproceedings{caccia2021special,
    title={SPeCiaL: Self-Supervised Pretraining for Continual Learning},
    author={Caccia, Lucas and Pineau, Joelle},
    booktitle={IJCAI, Workshop on Continual Semi-Supervised Learning},
    year={2021}
}
@inproceedings{hayes2020remind,
  title={Remind your neural network to prevent catastrophic forgetting},
  author={Hayes, Tyler L and Kafle, Kushal and Shrestha, Robik and Acharya, Manoj and Kanan, Christopher},
  booktitle={European Conference on Computer Vision},
  pages={466--483},
  year={2020},
  organization={Springer},
keywords={Replay,Pretrained Model}
}

@journal{Ostapenko2022Foundational,
  journal = {arXiv:2205.00329},
  url = {https://arxiv.org/abs/2205.00329},
  author = {Ostapenko, Oleksiy and Lesort, Timothee and Rodr√≠guez, Pau and Arefin, Md Rifat and Douillard, Arthur and Rish, Irina and Charlin, Laurent},
  keywords = {Machine Learning (cs.LG), Artificial Intelligence (cs.AI), FOS: Computer and information sciences, FOS: Computer and information sciences},
  title = {Foundational Models for Continual Learning: An Empirical Study of Latent Replay},
  year = {2022},
  copyright = {arXiv.org perpetual, non-exclusive license},
  keywords={replay, pretraining}
}
@String(Ostapenko2022Foundational="an empirical investigation of latent replay with pretrained models.")

@inproceedings{ke2020continual,
  title={Continual learning of a mixed sequence of similar and dissimilar tasks},
  author={Ke, Zixuan and Liu, Bing and Huang, Xingchang},
  booktitle={NeurIPS},
  volume={33},
  pages={18493--18504},
  url = {https://proceedings.neurips.cc/paper/2020/file/d7488039246a405baf6a7cbc3613a56f-Paper.pdf},
  year={2020},
  keywords={Similarity}
}
@String(ke2020continual="propose a method to compute task similarity and adapt consequently")

@inproceedings{
pham2022continual,
title={Continual Normalization: Rethinking Batch Normalization for Online Continual Learning},
author={Quang Pham and Chenghao Liu and Steven HOI},
booktitle={International Conference on Learning Representations},
year={2022},
url={https://openreview.net/forum?id=vwLLQ-HwqhZ},
  keywords={Architecture}
}
@String(pham2022continual="propose a new normalization layer for CL")

@inproceedings{de2021continual,
  title={Continual prototype evolution: Learning online from non-stationary data streams},
  author={De Lange, Matthias and Tuytelaars, Tinne},
  booktitle={Proceedings of the IEEE/CVF International Conference on Computer Vision},
  pages={8250--8259},
  year={2021}
}

@inproceedings{smith2021memory,
  title={Memory-efficient semi-supervised continual learning: The world is its own replay buffer},
  author={Smith, James and Balloch, Jonathan and Hsu, Yen-Chang and Kira, Zsolt},
  booktitle={{IJCNN}},
  pages={1--8},
  year={2021},
  organization={IEEE},
  url="https://ieeexplore.ieee.org/abstract/document/9534361"
}

@article{korycki2022continual,
  title={Continual learning from stationary and non-stationary data},
  author={Korycki, Lukasz},
  year={2022},
  keywords={"Thesis"}
}

@article{caccia2021anytime,
  title={On Anytime Learning at Macroscale},
  author={Caccia, Lucas and Xu, Jing and Ott, Myle and Ranzato, Marc'Aurelio and Denoyer, Ludovic},
  journal={  arXiv:2106.09563},
  year={2021}
}

@article{mirzadeh2021wide,
  title={Wide Neural Networks Forget Less Catastrophically},
  author={Mirzadeh, Seyed Iman and Chaudhry, Arslan and Hu, Huiyi and Pascanu, Razvan and Gorur, Dilan and Farajtabar, Mehrdad},
  journal={  arXiv:2110.11526},
  year={2021}
}

@inproceedings{Wortsman2020Supermasks,
author = {Wortsman, Mitchell and Ramanujan, Vivek and Liu, Rosanne and Kembhavi, Aniruddha and Rastegari, Mohammad and Yosinski, Jason and Farhadi, Ali},
title = {Supermasks in Superposition},
year = {2020},
isbn = {9781713829546},
abstract = {We present the Supermasks in Superposition (SupSup) model, capable of sequentially learning thousands of tasks without catastrophic forgetting. Our approach uses a randomly initialized, fixed base network and for each task finds a subnetwork (supermask) that achieves good performance. If task identity is given at test time, the correct subnetwork can be retrieved with minimal memory usage. If not provided, SupSup can infer the task using gradient-based optimization to find a linear superposition of learned supermasks which minimizes the output entropy. In practice we find that a single gradient step is often sufficient to identify the correct mask, even among 2500 tasks. We also showcase two promising extensions. First, SupSup models can be trained entirely without task identity information, as they may detect when they are uncertain about new data and allocate an additional supermask for the new training distribution. Finally the entire, growing set of supermasks can be stored in a constant-sized reservoir by implicitly storing them as attractors in a fixed-sized Hopfield network.},
booktitle = {NeurIPS},
}

@article{Bell2021BehavioralEF,
  title={Behavioral Experiments for Understanding Catastrophic Forgetting},
  author={Samuel J Bell and Neil D. Lawrence},
  journal={ArXiv},
  year={2021},
  volume={abs/2110.10570}
}

@inproceedings{ammar2014online,
  title={Online multi-task learning for policy gradient methods},
  author={Ammar, Haitham Bou and Eaton, Eric and Ruvolo, Paul and Taylor, Matthew},
  booktitle={International conference on machine learning},
  pages={1206--1214},
  year={2014}
}

@article{ribeiro2019multi,
  title={Multi-task learning and catastrophic forgetting in continual reinforcement learning},
  author={Ribeiro, Joao and Melo, Francisco S and Dias, Joao},
  journal={  arXiv:1909.10008},
  year={2019}
}

@inproceedings{perkonigg2021continual,
  title={Continual active learning for efficient adaptation of machine learning models to changing image acquisition},
  author={Perkonigg, Matthias and Hofmanninger, Johannes and Langs, Georg},
  booktitle={Int. Conf. on Information Processing in Medical Imaging},
  pages={649--660},
  year={2021},
}


@inproceedings{caccia2022new,
title={New Insights on Reducing Abrupt Representation Change in Online Continual Learning},
author={Lucas Caccia and Rahaf Aljundi and Nader Asadi and Tinne Tuytelaars and Joelle Pineau and Eugene Belilovsky},
booktitle={International Conference on Learning Representations},
year={2022},
url={https://openreview.net/forum?id=N8MaByOzUfb}
}


@article{davari2022probing,
  title={Probing Representation Forgetting in Supervised and Unsupervised Continual Learning},
  author={Davari, MohammadReza and Asadi, Nader and Mudur, Sudhir and Aljundi, Rahaf and Belilovsky, Eugene},
  journal={  arXiv:2203.13381},
  year={2022}
}

@inproceedings{madaan2021representational,
  title={Representational continuity for unsupervised continual learning},
  author={Madaan, Divyam and Yoon, Jaehong and Li, Yuanchun and Liu, Yunxin and Hwang, Sung Ju},
  booktitle={{ICLR}},
  year={2021}
}

@inproceedings{fini2022self,
  title={Self-supervised models are continual learners},
  author={Fini, Enrico and da Costa, Victor G Turrisi and Alameda-Pineda, Xavier and Ricci, Elisa and Alahari, Karteek and Mairal, Julien},
  booktitle={{CVPR}},
  pages={9621--9630},
  year={2022}
}

@article{lesort2022spurious,
  title={Continual Feature Selection: Spurious Features in Continual Learning},
  author={Lesort, Timoth{\'e}e},
  journal={  arXiv:2203.01012},
  year={2022}
}
